=LDR  03970cas a2200997 i 4500
=001  012089400
=003  Uk
=005  20230706090833.0
=006  m\\\\\|\\d\|\\\\\\
=007  cr\|||||||||||
=008  030203c19949999enkmr\p\o\\\\\0\\\a0eng\\
=015  \\$aGBB6C6728$2bnb
=022  0\$a1479-683X$202
=037  \\$aISSN_08044643$bPortico$nBioscientifica Ltd.
=037  3\$aISSN_08044643_4$bPortico$nOxford University Press
=040  \\$aUk$beng$cUk$dUk$erda
=042  \\$aissnuk$aukblsr
=082  04$a616.4005$223
=210  0\$aEur. j. endocrinol.$b(Online)
=222  \0$aEuropean journal of endocrinology$b(Online)
=245  00$aEuropean journal of endocrinology.
=246  3\$aEJE
=264  \1$aOslo :$bScandinavian University Press,$c1994-
=264  21$31999-$aBristol :$bBioscientifica
=264  31$32023-$a[Oxford?] :$bOxford University Press
=310  \\$aMonthly
=336  \\$atext$2rdacontent
=337  \\$acomputer$2rdamedia
=338  \\$aonline resource$2rdacarrier
=362  0\$aVolume 130, number 1 (January 1994)-
=500  \\$aTitle from front matter (PDF) (www.eje-online.org, viewed September 7, 2016).
=540  \\$aCurrent Copyright Fee: GBP25.00$c29\0$5Uk
=588  \\$aLatest issue consulted: volume 188, number 1 (January 2023) (Oxford Academic, viewed May 23, 2023).
=650  \0$aEndocrinology$vPeriodicals.
=710  2\$aEuropean Federation of Endocrine Societies,$eissuing body.
=710  2\$aEuropean Society of Endocrinology,$eissuing body.
=770  0\$tEuropean journal of endocrinology. Supplement$x2053-4183
=776  08$iAlso issued in print as:$tEuropean journal of endocrinology$x0804-4643
=780  00$tActa endocrinologica$x2053-4167
=852  41$aBritish Library$bHMNTS$jELD Digital store$3Volume 174:Issue 1(2016)-***Previous issues available in print copy
=856  40$31850-9999$uhttp://www.bioscientifica.com/$xBLDSS
=856  40$uhttp://www.eje-online.org/
=856  40$uhttps://academic.oup.com/ejendo
=859  \\$aELD$bejournal
=859  \\$aXLD$bejournal$cSFX
=945  \\$aEuropean journal of endocrinology.
=959  \\$fCurrently available
=979  \\$aBritish Library$bDSC$j3829.728700
=ACF  \\$aPrevious Copyright Fee: GBP15.00$c101\0$e06-dec-2013$fGBP15.00$g0$hP$5Uk
=CAT  \\$aCONV$b00$c20040425$lBLL90$h0850
=CAT  \\$aCONV$b00$c20040502$lBLL01$h1456
=CAT  \\$aglobal_upd$b40$c20060417$lBLL01$h1841
=CAT  \\$a8874$b40$c20090224$lBLL01$h1409
=CAT  \\$aBATCH$b00$c20091210$lBLL01$h0648
=CAT  \\$a11316$b40$c20130802$lBLL01$h1228
=CAT  \\$a5552$b40$c20131206$lBLL01$h1349
=CAT  \\$aBLDSS-3PM$b00$c20150131$lBLL01$h2312
=CAT  \\$aBATCH-UPD$b00$c20160413$lBLL01$h1814
=CAT  \\$a10983$b40$c20160803$lBLL01$h1003
=CAT  \\$a10983$b40$c20160803$lBLL01$h1150
=CAT  \\$a10806$b40$c20160907$lBLL01$h1544
=CAT  \\$a5552$b40$c20170523$lBLL01$h0916
=CAT  \\$aW1711-1005$c20171206$lBLL01$h1814
=CAT  \\$a9667$b40$c20230120$lBLL01$h1202
=CAT  \\$a12654$b40$c20230302$lBLL01$h0819
=CAT  \\$aS2302-1302$c20230322$lBLL01$h1708
=CAT  \\$aS2302-1302$c20230323$lBLL01$h1444
=CAT  \\$aIPL-CLA$c20230331$lBLL01$h1546
=CAT  \\$aS2304-0519$c20230412$lBLL01$h1138
=CAT  \\$a14586$b40$c20230421$lBLL01$h1350
=CAT  \\$aBATCH-SUPP$c20230426$lBLL01$h1108
=CAT  \\$a10806$b40$c20230523$lBLL01$h0816
=CAT  \\$a12654$b40$c20230706$lBLL01$h0908
=CFI  0\$aCurrent Copyright Fee: GBP25.00$c29\0$e01-apr-2023$fGBP25.00$g0$hP$5Uk
=CFI  2\$aPrevious Copyright Fee: GBP25.00$c29\0$e02-mar-2023$fGBP25.00$g0$hP$5Uk
=FFP  \\$aY$bBLDSS-3PM
=FIN  \\$aY
=FMT  \\$a  SE
=LAS  \\$a12654$b40$c20230706$lBLL01$h0908
=LEO  \\$aMP22.0000070509
=LET  \0$aEuropean journal of endocrinology (Electronic)
=MNI  \\$a0804-4643
=SRC  \\$aISN01$bbibmp22.200404.2.aa
=TCO  \\$aCLA$bCLA$c008
=TOC  \\$aETOC
=UNO  \\$aY

