=LDR  06176cas a2201357 a 4500
=001  012432218
=003  Uk
=005  20230511162827.0
=006  m\\\\\\\\d\\\\\\\\
=007  cr||||||||||||
=008  040410c19989999enksr\p\o\\\\\0\\\a0eng\\
=010  \\$a00238384
=015  \\$aGBB412317$2bnb
=019  c\$a102563985
=022  0\$a1367-4811$y1367-4803$y1460-2059$202
=035  \\$a(OCoLC)39184474$z(OCoLC)46996847
=037  \\$abioinformatics$bOxford University Press
=037  3\$aISSN_13674803$bPortico$nOxford University Press
=040  \\$aCIN$beng$cCIN$dDLC$dOCL$dIUL$dEYM$dOCLCQ$dPFM$dOCLCQ$dOCLCO$dOCLCQ$dOCLCF$dUk
=042  \\$aissnuk$aukblsr
=050  14$aQH324.2
=082  04$a572.80285$223
=130  0\$aBioinformatics (Oxford, England : Online)
=210  0\$aBioinformatics$b(Oxf., Online)
=222  \0$aBioinformatics$b(Oxford. Online)
=245  10$aBioinformatics$h[electronic resource].
=246  13$aBioinformatics online
=260  \\$a[Oxford] :$bOxford University Press
=310  \\$aSemimonthly,$b2005-
=321  \\$aEighteen issues yearly,$b2003-2004
=321  \\$aMonthly,$b1999-2002
=321  \\$aTen issues yearly,$b1998
=336  \\$atext$2rdacontent
=337  \\$acomputer$2rdamedia
=338  \\$aonline resource$2rdacarrier
=362  1\$aPrint began with vol. 14, no. 1, published in 1998.
=530  \\$aAlso available in microform.
=540  \\$aCurrent copyright fee: zero$c29\0$5Uk
=580  \\$aOriginal print version of this title absorbed an earlier title: International conference on Intelligent Systems for Molecular Biology. Proceedings.
=588  \\$aDescription based on journal information screen; title from journal information screen (viewed May 27, 1998).
=588  \\$aLatest issue consulted: volume 30, number 2 (January 15, 2014) (Oxford Journals, viewed January 16, 2014).
=595  \\$aFORMERLY 3393.635 UP TO VOL. 13, 1997.
=650  \0$aBioinformatics$vPeriodicals.
=650  \0$aGenomics$xData processing$vPeriodicals.
=650  \0$aComputational biology$vPeriodicals.
=776  08$iAlso issued in print as:$tBioinformatics (Oxford, England)$x1367-4803
=780  00$tComputer applications in the biosciences$c(Online)$x1460-2059
=852  41$aBritish Library$bHMNTS$jELD Digital store$3Volume 29:Number 11(2013)-***Previous issues available in print copy
=856  \\$31850-9999$uhttp://ukcatalogue.oup.com/$xBLDSS
=856  40$uhttp://bioinformatics.oxfordjournals.org
=856  40$uhttp://firstsearch.oclc.org$zAddress for accessing the journal using authorization number and password through OCLC FirstSearch Electronic Collections Online
=859  \\$aXLD$bejournal$cSFX
=859  \\$aELD$bejournal
=945  \\$aBioinformatics -Oxford-
=959  \\$fCurrently available
=979  \\$aBritish Library$bDSC$j2072.348000
=985  \\$aCONFERENCE ANALYTIC RECORDS EXIST
=A02  \\$a102563985
=ACF  \\$aPrevious Copyright Fee: GBP20.00$c29\0$e01-jan-2020$fGBP20.00$g0$hP$5Uk
=ACF  \\$aPrevious copyright fee: GBP12.00$c29\0$e01-jan-2004$fGBP12.00$g0$hP$5Uk
=ACF  \\$aCurrent copyright fee: GBP8.00$c29\0$e01-apr-2002$fGBP8.00$g0$hP$5Uk
=ACF  \\$aCurrent copyright fee: GBP8.00$c0$e01-jul-2001$fGBP8.00$g0$hC$5Uk
=ACF  \\$aPrevious Copyright Fee: GBP13.00$c29\0$e01-jan-2006$fGBP13.00$g0$hP$5Uk
=ACF  \\$aPrevious Copyright Fee: GBP12.30$c0$e01-jan-2014$fGBP12.30$g0$hA$5Uk
=ACF  \\$aPrevious copyright fee: GBP20.00$c29\0$e01-jan-2013$fGBP20.00$g0$hP$5Uk
=ACF  \\$aPrevious copyright fee: GBP12.00$c0$e01-jan-2012$fGBP12.00$g0$hA$5Uk
=ACF  \\$aPrevious copyright fee: GBP14.00$c29\0$e01-jan-2008$fGBP14.00$g0$hP$5Uk
=ACF  \\$aPrevious copyright fee: GBP20.00$c29\0$e21-feb-2014$fGBP20.00$g0$hP$5Uk
=ACF  \\$aPrevious copyright fee: GBP23.00$c29\0$e01-jan-2015$fGBP23.00$g0$hP$5Uk
=ACF  \\$aPrevious copyright fee: GBP24.00$c29\0$e01-jan-2016$fGBP24.00$g0$hP$5Uk
=ACF  \\$aPrevious copyright fee: GBP26.00$c29\0$e01-jan-2017$fGBP26.00$g0$hP$5Uk
=ACF  \\$aPrevious copyright fee: GBP27.00$c29\0$e01-jan-2018$fGBP27.00$g0$hP$5Uk
=ACF  \\$aPrevious copyright fee: GBP28.00$c29\0$e01-jan-2019$fGBP28.00$g0$hP$5Uk
=CAT  \\$aCONV$b00$c20040425$lBLL90$h0712
=CAT  \\$aBATCH-UPD$b00$c20141124$lBLL01$h1810
=CAT  \\$aBLDSS-3PM$b00$c20141208$lBLL01$h1624
=CAT  \\$aIPL-CLA$c20141231$lBLL01$h1650
=CAT  \\$aBATCH-UPD$b00$c20151119$lBLL01$h1551
=CAT  \\$aIPL-CLA$c20151231$lBLL01$h1918
=CAT  \\$aBATCH-UPD$b00$c20160523$lBLL01$h0801
=CAT  \\$aBATCH-UPD$b00$c20160524$lBLL01$h2209
=CAT  \\$aBATCH-UPD$b00$c20161122$lBLL01$h1520
=CAT  \\$aIPL-CLA$c20161230$lBLL01$h2113
=CAT  \\$aBATCH-UPD$b00$c20171121$lBLL01$h1703
=CAT  \\$aW1711-1005$c20171206$lBLL01$h1815
=CAT  \\$aIPL-CLA$c20171231$lBLL01$h1622
=CAT  \\$aBATCH-UPD$b00$c20181217$lBLL01$h1651
=CAT  \\$aIPL-CLA$c20181231$lBLL01$h1539
=CAT  \\$aW1910-0530$c20191007$lBLL01$h1114
=CAT  \\$aR1911-1518$c20191206$lBLL01$h1419
=CAT  \\$aIPL-CLA$c20191231$lBLL01$h1922
=CAT  \\$aBATCH-UPD$b00$c20220308$lBLL01$h1734
=CAT  \\$aIPL-CLA$c20220331$lBLL01$h1951
=CAT  \\$a12654$b40$c20221209$lBLL01$h1251
=CAT  \\$a12654$b40$c20221209$lBLL01$h1254
=CAT  \\$a12654$b40$c20230302$lBLL01$h0754
=CAT  \\$a12654$b40$c20230302$lBLL01$h0755
=CAT  \\$aBATCH-SUPP$c20230426$lBLL01$h1108
=CAT  \\$aBATCH-FIX$c20230511$lBLL01$h1628
=CFI  0\$aCurrent copyright fee: zero$c29\0$e02-mar-2023$fGBP0.00$g0$hP$5Uk
=CFI  2\$aPrevious copyright fee: GBP22.00$c29\0$e01-apr-2022$fGBP22.00$g0$hP$5Uk
=EST  \\$a1
=FFP  \\$aY$bBLDSS-3PM
=FIN  \\$aY
=FMT  \\$a  SE
=LAS  \\$aBATCH-FIX$b00$c20230511$lBLL01$h1628
=LEO  \\$aMP10.0000629488
=LEO  \\$aMP22.0000053892
=LKR  \\$aPAR$b011101307$lBLL01$r776$mBioinformatics (Online)$nBioinformatics (Print)
=MNI  \\$a1367-4803
=SID  \\$aZ39$bOCLC
=SRC  \\$aDSS01$bbibmp10.200404.2.aa
=SRC  \\$aISN01$bbibmp22.200404.2.aa
=TCO  \\$aCLA$bCLA$c008
=TOC  \\$aETOC
=UNO  \\$aY

