=LDR  06092cas a2201393 a 4500
=001  012432979
=003  Uk
=005  20230426110815.0
=006  m\\\\\o\\d\\\\\\\\
=007  cr\cn|||||||||
=008  980331c19939999enkbr\psoo\\\\0\\\a0eng\c
=010  \\$a  2002238929
=015  \\$aGBB348820$2bnb
=019  c\$a102283898
=022  0\$a1574-6976$l0168-6445$y0168-6445$2j
=035  \\$a(OCoLC)38873018
=037  \\$afemsre$bOxford University Press
=037  2\$aISSN_01686445_2$bPortico$nWiley
=037  3\$aISSN_15746976$bPortico$nOxford University Press
=040  \\$aOH1$cOH1$dOCoLC$dInU$dOCoLC$dMCM$dMiEM$dOCoLC$dUk
=042  \\$aukblsr
=050  14$aQR1
=082  04$a579.05$223
=130  0\$aFEMS microbiology reviews (Online)
=210  10$aFEMS microbiol. rev.$b(Online)
=222  \0$aFEMS microbiology reviews$b(Online)
=245  10$aFEMS microbiology reviews
=246  30$aMicrobiology reviews
=246  3\$aFederation of European Microbiological Societies microbiology reviews
=260  \\$aNew York, NY :$bElsevier Science Pub. Co.
=260  2\$32006-Jan. 2007$a[Oxford] :$bBlackwell
=260  2\$3Mar. 2007-$a[Oxford :$bWiley-Blackwell]
=264  31$aOxford :$bOxford University Press
=310  \\$aBimonthly,$b2006-
=321  \\$aFive issues yearly,$b1999-2005
=321  \\$aIrregular
=336  \\$atext$2rdacontent
=337  \\$acomputer$2rdamedia
=338  \\$aonline resource$2rdacarrier
=362  1\$aPrint began in 1993.
=500  \\$aDescription based on: Vol. 20, issue 1-2 (June 1997); title from introductory page, viewed Sept. 20, 2002.
=500  \\$aLatest issue consulted: Volume 39, issue 2 (March 2015) (Oxford Journals, viewed March 16, 2015).
=530  \\$aAlso issued in print.
=538  \\$aMode of access: World Wide Web.
=540  \\$aCurrent Copyright Fee: GBP42.00$c29\0$5Uk
=555  \\$aIndexed in: FEMS microbiology index.
=580  \\$aIssued 1985-1992 as part of: Federation of European Microbiological Societies. FEMS microbiology letters; beginning 1993 continues it in part.
=595  \\$aSee Also 3905.292 for other Sris holdings see also Serial Records IFR.
=650  \0$aMicrobiology$vReviews$vPeriodicals.
=650  \0$aMicrobiology$vPeriodicals.
=710  2\$aFederation of European Microbiological Societies.
=776  08$iAlso issued in print as:$tFEMS microbiology reviews$x0168-6445
=780  11$tFEMS microbiology letters (Online)$x1574-6968
=787  1\$tFEMS microbiology index
=852  41$aBritish Library$bHMNTS$jELD Digital store$3Volume 24:Issue 4(2000)-***Previous issues available in print copy
=856  \\$31850-9999$uhttp://onlinelibrary.wiley.com/$xBLDSS
=856  4\$uhttp://femsre.oxfordjournals.org/content/
=856  40$uhttp://sciencedirect.com/science/journal/01686445$zIssues to Nov. 2005 only
=856  40$uhttp://www.blackwell-synergy.com/rd.asp?goto=journal&code=fmr$zLink no longer valid
=856  40$uhttp://www3.interscience.wiley.com/journal/118494448/home
=859  \\$aXLD$bejournal$cSFX
=859  \\$aELD$bejournal
=945  \\$aFems microbiology reviews
=959  \\$fCurrently available
=959  \\$aBritish Library$bDSC$j3905.305000
=963  \\$aCA/U-2 VOL. [1], 1985-$bY
=985  \\$aCorrected by BSS-generated file for WR# 08/157
=A02  \\$a102283898
=ACF  \\$aCurrent copyright fee: GBP20.00$c5\1$e01-jan-2003$fGBP20.00$g0$hP$5Uk
=ACF  \\$aCurrent copyright fee: GBP15.00$c5\1$e01-jul-2002$fGBP15.00$g0$hP$5Uk
=ACF  \\$aPrevious copyright fee: GBP18.00$c5\1$e01-apr-2004$fGBP18.00$g0$hP$5Uk
=ACF  \\$aPrevious copyright fee: GBP22.00$c10\0$e01-jul-2010$fGBP22.00$g0$hP$5Uk
=ACF  \\$aPrevious copyright fee: GBP23.00$c29\0$e01-jan-2015$fGBP23.00$g0$hP$5Uk
=ACF  \\$aPrevious copyright fee: GBP24.00$c29\0$e01-jan-2016$fGBP24.00$g0$hP$5Uk
=ACF  \\$aPrevious copyright fee: GBP26.00$c29\0$e01-jan-2017$fGBP26.00$g0$hP$5Uk
=ACF  \\$aPrevious copyright fee: GBP27.00$c29\0$e01-jan-2018$fGBP27.00$g0$hP$5Uk
=ACF  \\$aPrevious copyright fee: GBP28.00$c29\0$e01-jan-2019$fGBP28.00$g0$hP$5Uk
=ACF  \\$aPrevious Copyright Fee: GBP29.00$c29\0$e01-jan-2020$fGBP29.00$g0$hP$5Uk
=CAT  \\$aCONV$b00$c20040425$lBLL90$h0712
=CAT  \\$aBATCH-UPD$b40$c20151119$lBLL01$h1551
=CAT  \\$aIPL-CLA$c20151231$lBLL01$h1918
=CAT  \\$aBATCH-UPD$b00$c20160524$lBLL01$h1333
=CAT  \\$aBATCH-UPD$b00$c20160524$lBLL01$h2209
=CAT  \\$aBATCH-UPD$b00$c20161122$lBLL01$h1520
=CAT  \\$aIPL-CLA$c20161230$lBLL01$h2113
=CAT  \\$aBATCH-UPD$b00$c20171121$lBLL01$h1703
=CAT  \\$aW1711-1005$c20171206$lBLL01$h1815
=CAT  \\$aIPL-CLA$c20171231$lBLL01$h1623
=CAT  \\$aBATCH-UPD$b00$c20181217$lBLL01$h1651
=CAT  \\$aIPL-CLA$c20181231$lBLL01$h1539
=CAT  \\$a15005$b40$c20191010$lBLL01$h1554
=CAT  \\$aR1911-1518$c20191206$lBLL01$h1405
=CAT  \\$aIPL-CLA$c20191231$lBLL01$h1922
=CAT  \\$a12654$b40$c20210426$lBLL01$h0844
=CAT  \\$a5410$b40$c20211005$lBLL01$h0838
=CAT  \\$aBATCH-UPD$b40$c20220308$lBLL01$h1727
=CAT  \\$aIPL-CLA$c20220331$lBLL01$h1951
=CAT  \\$a12654$b40$c20230131$lBLL01$h0805
=CAT  \\$a12654$b40$c20230131$lBLL01$h0808
=CAT  \\$aS2302-1302$c20230322$lBLL01$h1708
=CAT  \\$aS2302-1302$c20230323$lBLL01$h1443
=CAT  \\$aIPL-CLA$c20230331$lBLL01$h1546
=CAT  \\$aS2304-0519$c20230412$lBLL01$h1139
=CAT  \\$aBATCH-SUPP$c20230426$lBLL01$h1108
=CFI  0\$aCurrent Copyright Fee: GBP42.00$c29\0$e01-apr-2023$fGBP42.00$g0$hP$5Uk
=CFI  2\$aPrevious copyright fee: GBP32.00$c29\0$e01-apr-2022$fGBP32.00$g0$hP$5Uk
=EST  \\$a1
=FFP  \\$aY$bBLDSS-3PM
=FIN  \\$aY
=FMT  \\$a  SE
=LAS  \\$aBATCH-SUPP$b00$c20230426$lBLL01$h1108
=LEO  \\$aMP10.0000630249
=LKR  \\$aPAR$b012432978$lBLL01$nFEMS microbiology letters$mFEMS microbiology reviews$r78011
=MNI  \\$a0168-6445
=SRC  \\$aDSS01$bbibmp10.200404.2.aa
=SRC  \\$aBLL02
=TCO  \\$aCLA$bCLA$c008
=TOC  \\$aETOC
=UNO  \\$aY

