=LDR  05341cas a2201165 i 4500
=001  013356268
=003  Uk
=005  20230426110848.0
=006  m\\\\\\\\d\|\\\\\\
=007  cr||||||||||||
=008  051208c19969999enkqr\p\s\\\\\0\\\a0eng\\
=015  \\$aGBB5H8564$2bnb
=022  0\$a1750-0133$202
=037  \\$aISSN_13555502_21$bPortico$nTaylor & Francis
=037  2\$a???$bOxford University Press
=037  3\$aISSN_13555502_4$bPortico$nOxford University Press
=040  \\$aUk$beng$cUk$dUk$erda
=042  \\$aukblsr$aissnuk
=082  04$a306.09034$223
=210  0\$aJ. Vic. cult.$b(Online)
=222  \0$aJournal of Victorian culture$b(Online)
=245  00$aJournal of Victorian culture.
=260  \\$aEdinburgh :$bEdinburgh University Press,$c[1996]-
=260  2\$32010-2017$aAbingdon :$bRoutledge, Taylor & Francis Group
=264  31$32018-$aOxford :$bOxford University Press
=310  \\$aQuarterly,$b2012-
=321  \\$aThree times a year,$b2010-2011
=321  \\$aSemiannual,$b-2009
=336  \\$atext$2rdacontent
=337  \\$acomputer$2rdamedia
=338  \\$aonline resource$2rdacarrier
=362  0\$aVolume 1, issue 1 (1996)-
=500  \\$aTitle from PDF of front cover, viewed on Taylor & Francis Online, December 9, 2015.
=540  \\$aCurrent Copyright Fee: GBP33.00$c29\0$5Uk
=588  \\$aLatest issue consulted: volume 23, issue 1 (January 2018).
=650  \0$aCulture$xHistory$y19th century$vPeriodicals.
=710  2\$aLeeds Centre for Victorian Studies,$eissuing body.
=776  08$iAlso issued in print as:$tJournal of Victorian culture$x1355-5502
=852  41$aBritish Library$bHMNTS$jELD Digital store$3Volume 19:Number 2(2014)-***Previous issues available in print copy
=856  40$31850-9999$uhttp://www.tandfonline.com/$xBLDSS
=856  40$uhttp://muse.jhu.edu/journals/journal_of_victorian_culture$zIssues to 2008 only
=856  4\$uhttp://www.tandf.co.uk/journals/rjvc$zLink no longer valid
=856  4\$uhttp://www.tandf.co.uk/journals/titles/13555502$zLink no longer valid
=856  40$uhttps://academic.oup.com/jvc
=859  \\$aELD$bejournal
=859  \\$aXLD$bejournal$cSFX
=945  \\$aJOURNAL OF VICTORIAN CULTURE.
=959  \\$fCurrently available
=979  \\$aBritish Library$bDSC$j5072.480500
=985  \\$aISSN responsibility transferred from ISSN UK Centre to U.S. ISSN Center Taylor & Francis, Multinational Publisher List, Summer 2016
=985  \\$aISSN responsibility transferred from U.S. to UK (12/11/18)
=ACF  \\$aPrevious copyright fee: GBP21.00$c2\0$e27-oct-2011$fGBP21.00$g0$hP$5Uk
=ACF  \\$aPrevious copyright fee: GBP23.00$c2\0$e01-jan-2012$fGBP23.00$g0$hP$5Uk
=ACF  \\$aPrevious copyright fee: GBP23.50$c2\0$e01-jan-2013$fGBP23.50$g0$hP$5Uk
=ACF  \\$aPrevious copyright fee: GBP24.00$c2\0$e01-jan-2014$fGBP24.00$g0$hP$5Uk
=ACF  \\$aPrevious copyright fee: GBP25.00$c2\0$e01-jan-2015$fGBP25.00$g0$hP$5Uk
=ACF  \\$aPrevious copyright fee: GBP26.00$c2\0$e01-jan-2016$fGBP26.00$g0$hP$5Uk
=ACF  \\$aPrevious copyright fee: GBP30.00$c2\0$e01-jan-2018$fGBP30.00$g0$hP$5Uk
=ACF  \\$aPrevious copyright fee: GBP28.00$c2\0$e01-jan-2017$fGBP28.00$g0$hP$5Uk
=ACF  \\$aPrevious copyright fee: GBP27.00$c29\0$e08-jan-2018$fGBP27.00$g0$hP$5Uk
=ACF  \\$aPrevious Copyright Fee: GBP20.00$c25\0$e01-jan-2020$fGBP20.00$g0$hP$5Uk
=ACF  \\$aPrevious copyright fee: GBP28.00$c29\0$e01-jan-2019$fGBP28.00$g0$hP$5Uk
=ACF  \\$aPrevious Copyright Fee: GBP20.00$c29\0$e13-dec-2021$fGBP20.00$g0$hP$5Uk
=CAT  \\$a6537$b40$c20051208$lBLL01$h1213
=CAT  \\$aIPL-CLA$c20171231$lBLL01$h1649
=CAT  \\$a5552$b40$c20180108$lBLL01$h1319
=CAT  \\$aBATCH-UPD$b40$c20180110$lBLL01$h0100
=CAT  \\$a14412$b40$c20180223$lBLL01$h1406
=CAT  \\$a10806$b40$c20181018$lBLL01$h0852
=CAT  \\$a10806$b40$c20181018$lBLL01$h0853
=CAT  \\$a10806$b40$c20181018$lBLL01$h0854
=CAT  \\$a10806$b40$c20181018$lBLL01$h0855
=CAT  \\$a10806$b40$c20181112$lBLL01$h0903
=CAT  \\$aBATCH-UPD$b40$c20181217$lBLL01$h1652
=CAT  \\$aIPL-CLA$c20181231$lBLL01$h1543
=CAT  \\$a15005$b40$c20191014$lBLL01$h1058
=CAT  \\$aR1911-1518$c20191206$lBLL01$h1419
=CAT  \\$aIPL-CLA$c20191231$lBLL01$h1937
=CAT  \\$a5552$b40$c20211011$lBLL01$h0835
=CAT  \\$a12654$b40$c20211213$lBLL01$h0902
=CAT  \\$aBATCH-UPD$b40$c20220308$lBLL01$h1734
=CAT  \\$aIPL-CLA$c20220331$lBLL01$h1952
=CAT  \\$a12654$b40$c20230223$lBLL01$h1331
=CAT  \\$a12654$b40$c20230223$lBLL01$h1332
=CAT  \\$aS2302-1302$c20230322$lBLL01$h1708
=CAT  \\$aS2302-1302$c20230323$lBLL01$h1443
=CAT  \\$aIPL-CLA$c20230331$lBLL01$h1546
=CAT  \\$aS2304-0519$c20230412$lBLL01$h1139
=CAT  \\$aBATCH-SUPP$c20230426$lBLL01$h1108
=CFI  0\$aCurrent Copyright Fee: GBP33.00$c29\0$e01-apr-2023$fGBP33.00$g0$hP$5Uk
=CFI  2\$aPrevious copyright fee: GBP22.00$c29\0$e01-apr-2022$fGBP22.00$g0$hP$5Uk
=FFP  \\$aY$bBLDSS-3PM
=FIN  \\$aY$d20070211
=FMT  \\$a  SE
=LAS  \\$aBATCH-SUPP$b00$c20230426$lBLL01$h1108
=LKR  \\$aPAR$b010822928$lBLL01$r776$mJournal of Victorian culture (Online)$nJournal of Victorian culture (Print)
=MNI  \\$a1355-5502
=TCO  \\$aCLA$bCLA$c008
=TOC  \\$aETOC
=UNO  \\$aY

