=LDR  04101cas a2201009 i 4500
=001  011458394
=003  Uk
=005  20230707085359.0
=006  m\\\\\\\\d\|\\\\\\
=007  cr\|||||||||||
=008  991201c19259999enkmr\p\o\\\\\0\\\a0eng\\
=022  0\$a1469-0756$202
=037  \\$aISSN_00325473_4$bPortico$nOxford University Press
=040  \\$aUk$beng$cUk$dUk$erda
=042  \\$aissnuk$aukblsr
=082  04$a610$223
=210  0\$aPostgrad. med. j.$b(Online)
=222  \0$aPostgraduate medical journal$b(Online)
=245  00$aPostgraduate medical journal.
=264  \1$aOxford :$bBlackwell Scientific,$c[1925]-
=264  21$aLondon :$bBMJ Publishing Group
=264  31$a[Oxford?] :$bOxford University Press
=310  \\$aMonthly
=336  \\$atext$2rdacontent
=337  \\$acomputer$2rdamedia
=338  \\$aonline resource$2rdacarrier
=362  1\$aBegan with volume 1, number 1 (October 1925).
=540  \\$aCurrent Copyright Fee: GBP33.00$c29\0$5Uk
=550  \\$aPublished for the Fellowship of Medicine, then the Fellowship of Postgraduate Medicine.
=588  \\$aDescription based on print version record.
=588  \\$aLatest issue consulted: volume 99, issue 1170 (April 2023) (Oxford Academic, viewed June 9, 2023).
=650  \0$aMedicine$vPeriodicals.
=710  2\$aFellowship of Medicine.
=710  2\$aFellowship of Postgraduate Medicine.
=776  08$iAlso issued in print as:$tPostgraduate medical journal$x0032-5473
=852  41$aBritish Library$bHMNTS$jELD Digital store$3Volume 1:Issue 1(1925)-***Previous issues available in print copy
=856  4\$31850-9999$uhttp://www.bmj.com/archive$xBLDSS
=856  40$uhttp://pmj.bmj.com/
=856  40$uhttps://academic.oup.com/pmj
=859  \\$aELD$bejournal
=859  \\$aXLD$bejournal$cSFX
=945  \\$aPostgraduate medical journal -London-.
=959  \\$fCurrently available
=979  \\$aBritish Library$bDSC$j6563.860000
=ACF  \\$aPrevious Copyright Fee: GBP28.00$c118\0$e01-jan-2016$fGBP28.00$g0$hP$5Uk
=ACF  \\$aPrevious copyright fee: GBP38.50$c118\0$e01-jan-2020$fGBP38.50$g0$hP$5Uk
=ACF  \\$aPrevious copyright fee: GBP41.00$c118\0$e01-jan-2022$fGBP41.00$g0$hP$5Uk
=CAT  \\$aCONV$b00$c20040425$lBLL90$h0850
=CAT  \\$aIPL-CLA$c20171231$lBLL01$h1545
=CAT  \\$aBATCH-UPD$b00$c20190708$lBLL01$h1413
=CAT  \\$aIPL-CLA$c20190708$lBLL01$h1438
=CAT  \\$aBATCH-UPD$b00$c20191122$lBLL01$h1849
=CAT  \\$aR1912-1484$c20191223$lBLL01$h0827
=CAT  \\$aIPL-CLA$c20191231$lBLL01$h1852
=CAT  \\$a11450$b40$c20211011$lBLL01$h1433
=CAT  \\$a11205$b40$c20211026$lBLL01$h1141
=CAT  \\$a11205$b40$c20211026$lBLL01$h1143
=CAT  \\$aBATCH-UPD$b40$c20211119$lBLL01$h1515
=CAT  \\$aIPL-CLA$c20211231$lBLL01$h1540
=CAT  \\$aBATCH-UPD$b00$c20221121$lBLL01$h1324
=CAT  \\$a10902$b40$c20221207$lBLL01$h0905
=CAT  \\$a10902$b40$c20221207$lBLL01$h0919
=CAT  \\$aIPL-CLA$c20221231$lBLL01$h1442
=CAT  \\$a10983$b40$c20230208$lBLL01$h1156
=CAT  \\$a6811$b40$c20230215$lBLL01$h1445
=CAT  \\$a14586$b40$c20230301$lBLL01$h1645
=CAT  \\$aS2302-1302$c20230323$lBLL01$h1444
=CAT  \\$aIPL-CLA$c20230331$lBLL01$h1546
=CAT  \\$aS2304-0519$c20230412$lBLL01$h1138
=CAT  \\$aBATCH-SUPP$c20230426$lBLL01$h1107
=CAT  \\$a6811$b40$c20230510$lBLL01$h1552
=CAT  \\$a10806$b40$c20230609$lBLL01$h1249
=CAT  \\$a12654$b40$c20230707$lBLL01$h0853
=CFI  0\$aCurrent Copyright Fee: GBP33.00$c29\0$e01-apr-2023$fGBP33.00$g0$hP$5Uk
=CFI  2\$aPrevious copyright fee: GBP46.00$c118\0$e01-jan-2023$fGBP46.00$g0$hP$5Uk
=FFP  \\$aY$bBLDSS-3PM
=FIN  \\$aY
=FMT  \\$a  SE
=LAS  \\$a12654$b40$c20230707$lBLL01$h0853
=LEO  \\$aMP22.0000063056
=LET  \0$aPostgraduate medical journal (Electronic)
=LKR  \\$aPAR$b015420460$lBLL01$nPostgraduate medical journal (Print)$mPostgraduate medical journal (Online)$r776
=MNI  \\$a0032-5473
=SRC  \\$aISN01$bbibmp22.200404.2.aa
=TCO  \\$aCLA$bCLA$c008
=TOC  \\$aETOC
=UNO  \\$aY

