=LDR  04698cas a2201081 a 4500
=001  018626788
=003  Uk
=005  20230426111124.0
=006  m\\\\\o\\d\\\\\\\\
=007  cr\cnu||||||||
=008  990602c19429999enkmr\pso\\\\\0\\\a0eng\c
=010  \\$asn 99004013 
=015  \\$aGBB827007$2bnb
=022  \\$a1525-3163$y0021-8812
=035  \\$a(OCoLC)41472131
=037  \\$a???$bOxford University Press
=037  3\$aISSN_00218812$bPortico$nOxford University Press
=040  \\$aNSD$beng$cNSD$dOCLCQ$dNSD$dOCLCQ$dIUL$dVRC$dLGG$dOCLCQ$dDLC$dOCLCQ$dOCLCF$dVT2$dEUW$dOCLCQ$dMYG$dUk
=042  \\$aukblsr
=050  14$aSF1$b.J6
=082  04$a636.005$223
=130  0\$aJournal of animal science (Online)
=210  0\$aJ. anim. sci.$b(Online)
=222  \0$aJournal of animal science$b(Online)
=245  10$aJournal of animal science.
=260  \\$aSavoy, IL :$bAmerican Society of Animal Science,$c1942-
=264  31$32017-$a[Oxford] :$bOxford University Press
=300  \\$billustrations
=310  \\$aMonthly,$b1967-
=321  \\$aQuarterly,$b1942-1966
=336  \\$atext$2rdacontent
=337  \\$acomputer$2rdamedia
=338  \\$aonline resource$2rdacarrier
=362  1\$aPrint began with: Volume 1, Issue 1 (February 1942).
=530  \\$aAlso issued in print and CD-ROM version as well as a cumulative version, including a bibliography of the Society's publications beginning in 1908 is available on CD-ROM.
=538  \\$aMode of access: World Wide Web.
=540  \\$aCurrent Copyright Fee: GBP32.00$c29\0$5Uk
=588  \\$aDescription based on: Volume 1, Issue 1 (February 1942); title from journal home page (ACSESS Digital Library, viewed Mar. 6, 2017).
=588  \\$aLatest issue consulted: Volume 95 Issue 12 (December 2017) (Oxford Academic, viewed February 06, 2018).
=650  \0$aLivestock$vPeriodicals.
=650  \7$aLivestock.$2fast$0(OCoLC)fst01000722
=655  \0$aElectronic journals.
=655  \7$aPeriodicals.$2fast$0(OCoLC)fst01411641
=710  2\$aAmerican Society of Animal Science.
=776  08$iPrint version:$tJournal of animal science$x0021-8812
=776  1\$tJournal of animal science (CD-ROM)$x1544-7847
=776  1\$tJournal of animal science ... and ASAS reference compendium$x1525-3015
=852  41$aBritish Library$bHMNTS$jELD Digital store$3Volume 92:Issue 1(2014)-
=856  \\$31850-9999$uhttp://www.oxfordjournals.org/$xBLDSS
=856  40$uhttps://dl.sciencesocieties.org/publications/jas/index
=856  40$uhttp://www.asas.org/jas/$zLink no longer valid as of Mar. 6, 2017
=856  40$uhttps://academic.oup.com/jas
=859  \\$aELD$bejournal
=859  \\$aXLD$bejournal$cSFX
=945  \\$aJOURNAL OF ANIMAL SCIENCE -MENASHA THEN ALBANY THEN CHAMPAIGN ILLINOIS-.
=959  \\$fCurrently available
=979  \\$aBritish Library$bDSC$j4937.000000
=ACF  \\$aPrevious copyright fee: GBP27.00$c29\0$e08-jan-2018$fGBP27.00$g0$hP$5Uk
=ACF  \\$aPrevious copyright fee: GBP28.00$c29\0$e01-jan-2019$fGBP28.00$g0$hP$5Uk
=ACF  \\$aPrevious Copyright Fee: GBP20.00$c29\0$e01-jan-2020$fGBP20.00$g0$hP$5Uk
=CAT  \\$a10983$b40$c20171129$lBLL01$h1004
=CAT  \\$aW1711-1005$c20171206$lBLL01$h1830
=CAT  \\$a5552$b40$c20180108$lBLL01$h1532
=CAT  \\$aBATCH-UPD$b40$c20180110$lBLL01$h0100
=CAT  \\$aBLDSS-3PM$b00$c20180118$lBLL01$h1500
=CAT  \\$aBATCH-UPD$b00$c20180118$lBLL01$h1547
=CAT  \\$a3072$b40$c20180206$lBLL01$h1152
=CAT  \\$a3072$b40$c20180206$lBLL01$h1153
=CAT  \\$aBATCH-UPD$b40$c20181217$lBLL01$h1653
=CAT  \\$aIPL-CLA$c20181231$lBLL01$h1556
=CAT  \\$aW1910-0530$c20191007$lBLL01$h1114
=CAT  \\$aR1911-1518$c20191206$lBLL01$h1419
=CAT  \\$aIPL-CLA$c20191231$lBLL01$h2045
=CAT  \\$aBATCH-UPD$b00$c20220308$lBLL01$h1736
=CAT  \\$aIPL-CLA$c20220331$lBLL01$h1953
=CAT  \\$a12654$b40$c20230221$lBLL01$h1443
=CAT  \\$aS2302-1302$c20230322$lBLL01$h1708
=CAT  \\$aS2302-1302$c20230323$lBLL01$h1443
=CAT  \\$aIPL-CLA$c20230331$lBLL01$h1547
=CAT  \\$aS2304-0519$c20230412$lBLL01$h1141
=CAT  \\$aBATCH-SUPP$c20230426$lBLL01$h1111
=CFI  0\$aCurrent Copyright Fee: GBP32.00$c29\0$e01-apr-2023$fGBP32.00$g0$hP$5Uk
=CFI  2\$aPrevious copyright fee: GBP22.00$c29\0$e01-apr-2022$fGBP22.00$g0$hP$5Uk
=FFP  \\$aY$bBLDSS-3PM
=FIN  \\$aY$d20180206
=FMT  \\$a  SE
=LAS  \\$aBATCH-SUPP$b00$c20230426$lBLL01$h1111
=LET  \0$aJournal of animal science (Electronic)
=LKR  \\$aPAR$b010487958$lBLL01$r776$mJournal of animal science (Online)$nJournal of animal science
=MNI  \\$a0021-8812
=SRC  \\$aBLL02
=TOC  \\$aETOC
=UNO  \\$aY

