=LDR  05923cas a2201261 i 4500
=001  019605376
=003  Uk
=005  20230426111130.0
=006  m\\\\\o\\d\\\\\\\\
=007  cr\|||||||||||
=008  000209c19559999ncumr\pso\\\\\0\\\a0eng\c
=010  \\$a   00238353 
=022  0\$a1530-8561$l0009-9147$202
=030  \\$aCLCHAU
=035  \\$a(OCoLC)43430009
=037  \\$aISSN_00099147_4$bPortico$nOxford University Press
=040  \\$aVRA$beng$cVRA$dIUL$dNSD$dOCLCQ$dMUQ$dMXC$dOCLCQ$dZAD$dOCLCQ$dOCLCF$dOCLCO$dEUW$dOCLCO$dOCLCQ$dOCLCO$dOCLCQ$dOCLCO$dTXA$dOCLCO$dOCLCA$dAPUMS$dU3W$dOCLCO$dGILDS$dOCLCO$dLEAUB$dVT2$dOCLCE$dMOR$dAU@$dSTF$dYOU$dSHS$dUKMGB$dN@F$dAPAHS$dCUS$dOCLCA$dUKBTH$dUk
=042  \\$aukblsr$aissnuk
=050  \4$aRB1$b.A282
=082  10$a616.075605$223
=210  0\$aClin. chem.$b(Online)
=222  \0$aClinical chemistry$b(Online)
=245  00$aClinical chemistry :$bjournal of the American Association of Clinical Chemicals.
=264  \1$31955- :$aNew York, N.Y. :$bPaul B. Hoeber, Inc., Publishers,$c[1955]-
=264  21$3<2009-> :$aWashington, DC :$bAmerican Association for Clinical Chemistry
=264  31$aCary, NC :$bOxford University Press
=300  \\$billustrations (colour)
=310  \\$aMonthly,$b1964-
=321  \\$aBimonthly,$b1955-1963
=336  \\$atext$2rdacontent
=337  \\$acomputer$2rdamedia
=338  \\$aonline resource$2rdacarrier
=362  0\$aVolume 1 (1955)-
=500  \\$aTitle from PDF cover (Oxford Academic website, viewed October 15, 2020).
=506  \\$3Use copy$fRestrictions unspecified$2star$5MiAaHDL
=525  \\$aHas supplement that contains abstracts of scientific posters presented at the AACC annual meeting, <2009->.
=533  \\$aElectronic reproduction.$b[Place of publication not identified] :$cHathiTrust Digital Library,$d2010.$5MiAaHDL
=538  \\$aMaster and use copy. Digital master created according to Benchmark for Faithful Digital Reproductions of Monographs and Serials, Version 1. Digital Library Federation, December 2002.$uhttp://purl.oclc.org/DLF/benchrepro0212$5MiAaHDL
=540  \\$aCurrent Copyright Fee: GBP32.00$c29\0$5Uk
=550  \\$aJournal of: American Association of Clinical Chemists, 1955-1975; of: American Association for Clinical Chemistry, 1976-
=583  1\$adigitized$c2010$hHathiTrust Digital Library$lcommitted to preserve$2pda$5MiAaHDL
=588  \\$aLatest issue consulted: Volume 66, number 10 (October 2020) (viewed October 15, 2020).
=650  \0$aClinical chemistry$vPeriodicals.
=650  \0$aPharmaceutical chemistry$vPeriodicals.
=650  \0$aBiochemistry$vPeriodicals.
=650  \6$aBiochimie$vPériodiques.
=650  \6$aDiagnostics biologiques$vPériodiques.
=650  \7$aBiochemistry.$2fast$0(OCoLC)fst00831961
=650  \7$aClinical chemistry.$2fast$0(OCoLC)fst00864330
=650  \7$aPharmaceutical chemistry.$2fast$0(OCoLC)fst01060115
=650  \2$aBiochemistry.
=650  \2$aLaboratory Techniques and Procedures.
=650  17$aKlinische chemie.$2gtt
=655  \7$aPeriodicals.$2fast$0(OCoLC)fst01411641
=710  2\$aAmerican Association for Clinical Chemistry,$eissuing body.
=710  2\$aAmerican Association of Clinical Chemists,$eissuing body.
=775  0\$tClinical chemistry (Reference edition)
=776  08$iPrint version:$tClinical chemistry$x0009-9147
=776  08$iMicrofiche version:$tClinical chemistry
=852  41$aBritish Library$bHMNTS$jELD Digital store$3Volume 60:Number 1(2014)-
=856  40$31850-9999$uhttp://www.oxfordjournals.org/$xBLDSS
=856  40$uhttps://academic.oup.com/clinchem
=856  40$3HathiTrust Digital Library Limited view (search only)$uhttp://catalog.hathitrust.org/api/volumes/oclc/1554929.html
=856  40$uhttp://www.clinchem.org/
=859  \\$aXLD$bejournal$cSFX
=859  \\$aELD$bejournal
=945  \\$aClinical Chemistry -Oxford-.
=959  \\$fCurrently available
=979  \\$aBritish Library$bDSC$j3286.267900
=985  \\$aISSN responsibility transferred from U.S. to UK (Richard, 24/11/20)
=985  \\$aUpdated by MS generated file for WR2302-017
=ACF  \\$aPrevious copyright fee: GBP20.00$c29\0$e10-dec-2020$fGBP20.00$g0$hP$5Uk
=CAT  \\$a15005$b40$c20191107$lBLL01$h1330
=CAT  \\$a5552$b40$c20191114$lBLL01$h1141
=CAT  \\$aBLDSS-3PM$b00$c20191121$lBLL01$h1516
=CAT  \\$aBATCH-UPD$b00$c20191121$lBLL01$h1516
=CAT  \\$a5410$b40$c20191126$lBLL01$h1504
=CAT  \\$a12654$b40$c20200110$lBLL01$h1352
=CAT  \\$a9667$b40$c20200930$lBLL01$h0909
=CAT  \\$a8483$b40$c20201015$lBLL01$h1226
=CAT  \\$a8483$b40$c20201015$lBLL01$h1228
=CAT  \\$aBATCH-016$c20201021$lBLL01$h2158
=CAT  \\$a10806$b40$c20201124$lBLL01$h0918
=CAT  \\$a10806$b40$c20201207$lBLL01$h1029
=CAT  \\$a5508$b40$c20210311$lBLL01$h1345
=CAT  \\$a8055$b40$c20211015$lBLL01$h1421
=CAT  \\$aBATCH-UPD$b40$c20220308$lBLL01$h1736
=CAT  \\$aIPL-CLA$c20220331$lBLL01$h1953
=CAT  \\$aW2302-0174$c20230223$lBLL01$h2043
=CAT  \\$aS2302-1302$c20230322$lBLL01$h1707
=CAT  \\$aS2302-1302$c20230322$lBLL01$h1708
=CAT  \\$aS2302-1302$c20230323$lBLL01$h1443
=CAT  \\$aIPL-CLA$c20230331$lBLL01$h1547
=CAT  \\$aS2304-0519$c20230412$lBLL01$h1141
=CAT  \\$a12654$b40$c20230419$lBLL01$h1356
=CAT  \\$aBATCH-SUPP$c20230426$lBLL01$h1111
=CFI  0\$aCurrent Copyright Fee: GBP32.00$c29\0$e01-apr-2023$fGBP32.00$g0$hP$5Uk
=CFI  2\$aPrevious copyright fee: GBP22.00$c29\0$e01-apr-2022$fGBP22.00$g0$hP$5Uk
=FFP  \\$aY$bBLDSS-3PM
=FIN  \\$aY$d20201015
=FMT  \\$a  SE
=LAS  \\$aBATCH-SUPP$b00$c20230426$lBLL01$h1111
=LET  \0$aClinical chemistry (Electronic)
=LKR  \\$aPAR$b012396272$lBLL01$r776$mClinical chemistry (Online)$nClinical chemistry (Print)
=MNI  \\$a0009-9147
=SID  \\$aZ39$bOCLC
=TOC  \\$aETOC
=UNO  \\$aY

