=LDR  02620cas a2200721 i 4500
=001  019797341
=003  Uk
=005  20230502234115.0
=006  m\\\\\\\\d\|\\\\\\
=007  cr||||||||||||
=008  200528c20219999enkqr\p\o\\\\\0\\\a0eng\\
=015  \\$aGBC1J1668$2bnb
=022  0\$a2732-4613$202
=037  3\$aISSN_27324613_4$bPortico$nOxford University Press
=040  \\$aUk$beng$cUk$erda
=042  \\$aissnuk$aukblsr
=082  04$a598$223
=210  0\$aOrnithol.
=222  \0$aOrnithology
=245  00$aOrnithology.
=264  \1$aOxford :$bOxford University Press
=300  \\$billustrations (black and white, and colour)
=310  \\$aQuarterly
=336  \\$atext$2rdacontent
=337  \\$acomputer$2rdamedia
=338  \\$aonline resource$2rdacarrier
=362  0\$aVolume 138, issue 1 (4 January 2021)-
=500  \\$aTitle from PDF cover (Oxford Academic, viewed November 19, 2021).
=540  \\$aCurrent Copyright Fee: GBP42.00$c29\0$5Uk
=588  \\$aLatest issue consulted: volume 138, issue 4 (October 2021), viewed November 19, 2021.
=650  \0$aBirds$vPeriodicals.
=650  \0$aOrnithology$vPeriodicals.
=710  2\$aAmerican Ornithological Society,$eissuing body.
=780  00$tAuk (Online)$x1938-4254
=852  41$aBritish Library$bHMNTS$jELD Digital store$3Volume 138:Issue 1(2021)-
=856  \\$31850-9999$uhttp://www.oxfordjournals.org/$xBLDSS
=856  40$uhttps://academic.oup.com/auk
=859  \\$aELD$bejournal
=859  \\$aXLD$bejournal$cSFX
=959  \\$fCurrently available
=979  \\$aBritish Library$bDSC$j2693.237500
=CAT  \\$a10973$b40$c20200528$lBLL01$h0640
=CAT  \\$a10806$b40$c20210524$lBLL01$h1253
=CAT  \\$a10806$b40$c20210524$lBLL01$h1254
=CAT  \\$a10973$b40$c20210614$lBLL01$h0928
=CAT  \\$a10983$b40$c20211009$lBLL01$h1641
=CAT  \\$a8483$b40$c20211119$lBLL01$h1521
=CAT  \\$a12654$b40$c20230228$lBLL01$h1417
=CAT  \\$a12654$b40$c20230228$lBLL01$h1419
=CAT  \\$aS2302-1302$c20230322$lBLL01$h1707
=CAT  \\$a8055$b40$c20230428$lBLL01$h1603
=CAT  \\$a8055$b40$c20230428$lBLL01$h1605
=CAT  \\$aBLDSS-3PM$b00$c20230502$lBLL01$h0947
=CAT  \\$aBATCH-UPD$b00$c20230502$lBLL01$h0951
=CAT  \\$aBATCH-UNOA$c20230502$lBLL01$h2341
=CFI  0\$aCurrent Copyright Fee: GBP42.00$c29\0$e28-apr-2023$fGBP42.00$g0$hP$5Uk
=FFP  \\$aY$bBLDSS-3PM
=FIN  \\$aY$d20210524
=FMT  \\$a  SE
=LAS  \\$aBATCH-UNOA$b00$c20230502$lBLL01$h2341
=LET  \0$aOrnithology (Electronic)
=LKR  \\$aPAR$b019109304$lBLL01$r78000$mOrnithology$nThe auk (Online)
=UNO  \\$aY

