=LDR  02733cas a2200709 i 4500
=001  019797342
=003  Uk
=005  20230502234115.0
=006  m\\\\\\\\d\|\\\\\\
=007  cr||||||||||||
=008  200528c20219999enkqr\p\o\\\\\0\\\a0eng\\
=015  \\$aGBC1J1666$2bnb
=022  0\$a2732-4621$202
=037  \\$aISSN_27324621_4$bPortico$nOxford University Press
=040  \\$aUk$beng$cUk$erda
=042  \\$aissnuk$aukblsr
=082  04$a598$223
=210  0\$aOrnithol. appl.
=222  \0$aOrnithological applications
=245  00$aOrnithological applications.
=264  \1$aOxford :$bOxford University Press for the American Ornithological Society
=300  \\$billustrations (black and white, and colour)
=310  \\$aQuarterly
=336  \\$atext$2rdacontent
=337  \\$acomputer$2rdamedia
=338  \\$aonline resource$2rdacarrier
=362  0\$aVolume 123, issue 1 (1 February 2021)-
=500  \\$aTitle from PDF cover (Oxford Academic, viewed November 19, 2021).
=540  \\$aCurrent Copyright Fee: GBP42.00$c29\0$5Uk
=588  \\$aLatest issue consulted: volume 123, issue 4 (November 2021), viewed November 19, 2021.
=650  \0$aBirds$vPeriodicals.
=650  \0$aBirds$zCalifornia$vPeriodicals.
=650  \0$aOrnithology$vPeriodicals.
=710  2\$aAmerican Ornithological Society,$eissuing body.
=780  00$tCondor (Santa Clara, Calif. : Online)$x1938-5129
=852  41$aBritish Library$bHMNTS$jELD Digital store$3Volume 123:Issue 1(2021)-
=856  \\$31850-9999$uhttp://www.oxfordjournals.org/$xBLDSS
=856  40$uhttps://academic.oup.com/condor
=859  \\$aXLD$bejournal$cSFX
=859  \\$aELD$bejournal
=959  \\$fCurrently available
=979  \\$aBritish Library$bDSC$j6292.800300
=CAT  \\$a10973$b40$c20200528$lBLL01$h0640
=CAT  \\$a10973$b40$c20201015$lBLL01$h0908
=CAT  \\$a10806$b40$c20210524$lBLL01$h1512
=CAT  \\$a8483$b40$c20211119$lBLL01$h1500
=CAT  \\$a15190$b40$c20211202$lBLL01$h1133
=CAT  \\$a12654$b40$c20230228$lBLL01$h1407
=CAT  \\$aS2302-1302$c20230322$lBLL01$h1707
=CAT  \\$a8055$b40$c20230428$lBLL01$h1602
=CAT  \\$a8055$b40$c20230428$lBLL01$h1604
=CAT  \\$aBLDSS-3PM$b00$c20230502$lBLL01$h0947
=CAT  \\$aBATCH-UPD$b00$c20230502$lBLL01$h0951
=CAT  \\$aBATCH-UNOA$c20230502$lBLL01$h2341
=CFI  0\$aCurrent Copyright Fee: GBP42.00$c29\0$e28-apr-2023$fGBP42.00$g0$hP$5Uk
=FFP  \\$aY$bBLDSS-3PM
=FIN  \\$aY$d20210524
=FMT  \\$a  SE
=LAS  \\$aBATCH-UNOA$b00$c20230502$lBLL01$h2341
=LET  \0$aOrnithological applications (Electronic)
=LKR  \\$aPAR$b019109330$lBLL01$r78000$mOrnithological applications$nThe condor (Los Angeles, Calif. Online)
=UNO  \\$aY

