=LDR  03207cas a2200829 i 4500
=001  019974854
=003  Uk
=005  20230801115711.0
=006  m\\\\\o\\d\\\\\\\\
=007  cr\|||||||||||
=008  191213c20209999paumr\poo\\\\\0\\\a0eng\\
=010  \\$a  2019203568
=016  7\$a101764819$2DNLM
=022  0\$a2689-8381$l2689-8381$21
=035  \\$a(OCoLC)1130754074
=037  \\$aISSN_26898381_74$bPortico$nLippincott Williams & Wilkins
=040  \\$aDLC$beng$cDLC$dDLC$dNLM$dOCLCO$dVT2$dOCLCF$dOCLCO$dUk$erda$epn
=042  \\$aUkblsr
=050  10$aISSN RECORD
=060  00$aW1
=082  10$a610$223
=210  0\$aJBI evid. synth.
=210  10$aJBI Evid Synth$2dnlm
=222  \0$aJBI evidence synthesis
=245  00$aJBI evidence synthesis.
=246  1\$aJoanna Briggs Institute evidence synthesis
=264  \1$a[Philadelphia, PA] :$bWolters Kluwer,$c[2020]-
=300  \\$a1 online resource
=310  \\$aMonthly
=336  \\$atext$btxt$2rdacontent
=337  \\$acomputer$bc$2rdamedia
=338  \\$aonline resource$bcr$2rdacarrier
=362  1\$aBegan with: Volume 18 Issue 1 (January 2020).
=540  \\$aCurrent copyright fee: GBP32.00$c20\0$5Uk
=550  \\$aOfficial journal of JBI (Joanna Briggs Institute).
=588  \\$aDescription based on: Volume 18 Issue 1 (January 2020); title from caption (lww.com, viewed April 29, 2020).
=588  \\$aLatest issue consulted: volume 20, issue 12 (December 2022) (viewed December 15, 2022).
=650  12$aEvidence-Based Medicine.
=650  \7$aEvidence-based medicine.$2fast$0(OCoLC)fst00917247
=655  \0$aElectronic journals.
=655  \2$aPeriodical.
=655  \7$aPeriodicals.$2fast$0(OCoLC)fst01411641
=710  2\$aJoanna Briggs Institute,$esponsoring body.
=780  00$tJBI database of systematic reviews and implementation reports$x2202-4433
=852  41$aBritish Library$bHMNTS$jELD Digital store$3Volume 18:Issue 1(2020:Jan.)-
=856  \\$31850-9999$uhttp://journals.lww.com/pages/default.aspx$xBLDSS
=856  40$uhttps://journals.lww.com/jbisrir/pages/default.aspx
=859  \\$aXLD$bejournal$cSFX
=859  \\$aELD$bejournal
=945  \\$aJBI Evidence Synthesis
=959  \\$fCurrently available
=979  \\$aBritish Library$bDSC$j4663.435970
=CAT  \\$a15020$b40$c20201008$lBLL01$h1057
=CAT  \\$a14586$b40$c20201020$lBLL01$h1645
=CAT  \\$a5552$b40$c20210301$lBLL01$h1358
=CAT  \\$aBLDSS-3PM$b00$c20210311$lBLL01$h0713
=CAT  \\$aBATCH-UPD$b00$c20210311$lBLL01$h0713
=CAT  \\$a5410$b40$c20210317$lBLL01$h1929
=CAT  \\$a5410$b40$c20210326$lBLL01$h1123
=CAT  \\$a12654$b40$c20210506$lBLL01$h0843
=CAT  \\$a8124$b40$c20221215$lBLL01$h0916
=CAT  \\$a12654$b40$c20230801$lBLL01$h1149
=CAT  \\$a12654$b40$c20230801$lBLL01$h1157
=CFI  0\$aCurrent copyright fee: GBP32.00$c20\0$e01-mar-2021$fGBP32.00$g0$hP$5Uk
=FFP  \\$aY$bBLDSS-3PM
=FIN  \\$aY$d20221215
=FMT  \\$a  SE
=LAS  \\$a12654$b40$c20230801$lBLL01$h1157
=LKR  \\$aPAR$b017757192$lBLL01$nJBI database of systematic reviews and implementation reports$mJBI evidence synthesis$r78000
=SID  \\$aZ39$bOCLC
=TOC  \\$aETOC
=UNO  \\$aY

