=LDR  03917cas a2200961 i 4500
=001  018755287
=003  Uk
=005  20230426111125.0
=006  m\\\\\o\\d\\\\\\\\
=007  cr\mnu||||||||
=008  010912c19559999ncubr\pso\o\\\0\\\a0eng\c
=010  \\$a  2005267538
=022  \\$a1938-3738$l0015-749X
=035  \\$a(OCoLC)47954014
=037  \\$a???$bOxford University Press
=037  3\$aISSN_0015749X$bPortico$nOxford University Press
=040  \\$aIWA$beng$cIWA$dOCLCQ$dEEM$dOCL$dNSD$dOCLCQ$dCOO$dOCLCF$dOCLCO$dOCLCQ$dCUS$dUk
=042  \\$aukblsr
=043  \\$an-us---
=050  10$aISSN RECORD
=050  14$aSD1
=082  10$a634.9$223
=210  0\$aForest sci.$b(Online)
=222  \0$aForest science$b(Online)
=245  00$aForest science.
=260  \\$a[Bethesda, Md.] :$b[Society of American Foresters]
=264  31$a[Cary, North Carolina?] :$bOxford University Press on behalf of the Society of American Foresters
=310  \\$aBimonthly,$b2003-
=321  \\$aQuarterly,$b<2000>-2002
=336  \\$atext$2rdacontent
=337  \\$acomputer$2rdamedia
=338  \\$aonline resource$2rdacarrier
=362  1\$aPrint began in 1955.
=540  \\$aCurrent Copyright Fee: GBP33.00$c29\0$5Uk
=588  \\$aDescription based on: Vol. 46, no. 3 (Aug. 2000); title from journal home page (IngentaConnect Web site, viewed Apr. 14, 2005).
=588  \\$aLatest issue consulted: volume 64, number 4 (August 2018) (Oxford Academic, viewed September 27, 2018).
=650  \0$aForests and forestry$vPeriodicals.
=650  \0$aForest management$vPeriodicals.
=650  \0$aForest policy$zUnited States$vPeriodicals.
=650  \7$aForest management.$2fast$0(OCoLC)fst00932231
=650  \7$aForest policy.$2fast$0(OCoLC)fst00932311
=650  \7$aForests and forestry.$2fast$0(OCoLC)fst00932632
=651  \7$aUnited States.$2fast$0(OCoLC)fst01204155
=655  \0$aElectronic journals.
=655  \7$aPeriodicals.$2fast$0(OCoLC)fst01411641
=776  08$iPrint version:$tForest science$x0015-749X
=780  05$tWestern journal of applied forestry (Online)$x1938-3770
=852  41$aBritish Library$bHMNTS$jELD Digital store$3Volume 61:Issue 1(2015)-***Previous issues available in print copy
=856  \\$31850-9999$uhttp://www.oxfordjournals.org/$xBLDSS
=856  4\$uhttp://www.ingenta.com/journals/browse/saf/fs$zLink no longer valid
=856  4\$uhttp://www.ingentaconnect.com/content/saf/fs$zLink no longer valid
=856  40$uhttps://academic.oup.com/forestscience
=856  40$uhttps://search.proquest.com/publication/47511
=859  \\$aXLD$bejournal$cSFX
=859  \\$aELD$bejournal
=959  \\$fCurrently available
=979  \\$aBritish Library$bDSC$j3998.700300N
=985  \\$aISSN transfer from U.S. to UK pending (Richard, 27/09/18)
=CAT  \\$a14412$b40$c20180219$lBLL01$h1439
=CAT  \\$a14412$b40$c20180219$lBLL01$h1440
=CAT  \\$a10806$b40$c20180927$lBLL01$h1439
=CAT  \\$a10806$b40$c20180927$lBLL01$h1440
=CAT  \\$a10806$b40$c20180927$lBLL01$h1441
=CAT  \\$a10806$b40$c20180927$lBLL01$h1443
=CAT  \\$aW1910-0530$c20191007$lBLL01$h1114
=CAT  \\$a12654$b40$c20230131$lBLL01$h1133
=CAT  \\$aS2302-1302$c20230322$lBLL01$h1707
=CAT  \\$aS2302-1302$c20230322$lBLL01$h1708
=CAT  \\$aS2302-1302$c20230323$lBLL01$h1443
=CAT  \\$aIPL-CLA$c20230331$lBLL01$h1547
=CAT  \\$aBLDSS-3PM$b00$c20230403$lBLL01$h1210
=CAT  \\$aBATCH-UPD$b00$c20230403$lBLL01$h1211
=CAT  \\$aBATCH-UNOA$c20230405$lBLL01$h0021
=CAT  \\$aS2304-0519$c20230412$lBLL01$h1141
=CAT  \\$aBATCH-SUPP$c20230426$lBLL01$h1111
=CFI  0\$aCurrent Copyright Fee: GBP33.00$c29\0$e01-apr-2023$fGBP33.00$g0$hP$5Uk
=FFP  \\$aY$bBLDSS-3PM
=FIN  \\$aY$d20180927
=FMT  \\$a  SE
=LAS  \\$aBATCH-SUPP$b00$c20230426$lBLL01$h1111
=MNI  \\$a0015-749X
=SID  \\$aZ39$bOCLC
=UNO  \\$aY

