=LDR  04208cas a2201045 a 4500
=001  018759405
=003  Uk
=005  20230426111126.0
=006  m\\\\\o\\d\\\\\\\\
=007  cr\an|||||||||
=008  000704c19uu9999ncubr\pso\\\\\0\\\a0eng\c
=010  \\$a  2008212665
=016  7\$a2043858-8$2DE-600
=022  \\$a1938-3746$202
=030  \\$aJFUSAI
=035  \\$a(OCoLC)44526899
=037  \\$a???$bOxford University Press
=037  3\$aISSN_00221201$bPortico$nOxford University Press
=040  \\$aHNK$beng$cHNK$dOCLCQ$dNSD$dLGG$dOCLCQ$dHEBIS$dOCLCQ$dOCLCF$dOCLCO$dOCLCQ$dCUS$dUk
=042  \\$aukblsr$aissnuk
=050  14$aSD1$b.S63
=082  04$a634.905$223
=210  0\$aJ. for.$b(Online)
=222  \0$aJournal of forestry$b(Online)
=245  00$aJournal of forestry.
=260  \\$aBethesda, MD :$bSociety of American Foresters
=264  31$32018-$a[Cary, North Carolina?] :$bOxford University Press on behalf of the Society of American Foresters
=300  \\$a1 online resource
=310  \\$aBimonthly
=321  \\$aMonthly
=336  \\$atext$2rdacontent
=337  \\$acomputer$2rdamedia
=338  \\$aonline resource$2rdacarrier
=540  \\$aCurrent Copyright Fee: GBP32.00$c29\0$5Uk
=588  \\$aDescription based on: Vol. 97, no. 1 (Jan. 1999); title from title information screen (viewed June 30, 2000).
=588  \\$aLatest issue consulted: volume 116, number 1 (January 2018) (Oxford Academic, viewed September 27, 2018).
=650  \0$aForests and forestry$vPeriodicals.
=650  \0$aForests and forestry$xSocieties, etc.
=650  \0$aForests and forestry$vTerminology.
=650  \7$aForests and forestry.$2fast$0(OCoLC)fst00932632
=650  \7$aForests and forestry$xSocieties, etc.$2fast$0(OCoLC)fst00932758
=655  \7$aPeriodicals.$2fast$0(OCoLC)fst01411641
=655  \7$aTerminology.$2fast$0(OCoLC)fst01423880
=776  1\$tJournal of forestry$x0022-1201
=852  41$aBritish Library$bHMNTS$jELD Digital store$3Volume 112:Issue 4(2014)-
=856  \\$31850-9999$uhttp://www.oxfordjournals.org/$xBLDSS
=856  40$uhttps://academic.oup.com/jof
=856  40$uhttps://search.proquest.com/publication/40584
=859  \\$aELD$bejournal
=859  \\$aXLD$bejournal$cSFX
=945  \\$aJournal of forestry -Washington-
=959  \\$fCurrently available
=979  \\$aBritish Library$bDSC$j4985.000000
=985  \\$aISSN UK Centre: responsibility transferred from US Center to UK 25/6/21.
=ACF  \\$aPrevious copyright fee: GBP28.00$c29\0$e27-nov-2019$fGBP28.00$g0$hP$5Uk
=ACF  \\$aPrevious Copyright Fee: GBP20.00$c29\0$e01-jan-2020$fGBP20.00$g0$hP$5Uk
=CAT  \\$a14412$b40$c20180221$lBLL01$h1445
=CAT  \\$a14412$b40$c20180221$lBLL01$h1446
=CAT  \\$a10806$b40$c20180927$lBLL01$h1117
=CAT  \\$a10806$b40$c20180927$lBLL01$h1527
=CAT  \\$a10806$b40$c20180927$lBLL01$h1528
=CAT  \\$aW1910-0530$c20191007$lBLL01$h1114
=CAT  \\$a8055$b40$c20191127$lBLL01$h1356
=CAT  \\$aBLDSS-3PM$b00$c20191203$lBLL01$h1407
=CAT  \\$aBATCH-UPD$b00$c20191203$lBLL01$h1408
=CAT  \\$aBATCH-UNOA$c20191203$lBLL01$h2249
=CAT  \\$aR1911-1518$c20191206$lBLL01$h1419
=CAT  \\$aIPL-CLA$c20191231$lBLL01$h2045
=CAT  \\$a10973$b40$c20210624$lBLL01$h1126
=CAT  \\$a10973$b40$c20210625$lBLL01$h0924
=CAT  \\$a5410$b40$c20220128$lBLL01$h1347
=CAT  \\$a5410$b40$c20220131$lBLL01$h1045
=CAT  \\$aBATCH-UPD$b40$c20220308$lBLL01$h1736
=CAT  \\$aIPL-CLA$c20220331$lBLL01$h1953
=CAT  \\$a12654$b40$c20230222$lBLL01$h1157
=CAT  \\$aS2302-1302$c20230322$lBLL01$h1708
=CAT  \\$aS2302-1302$c20230323$lBLL01$h1443
=CAT  \\$aIPL-CLA$c20230331$lBLL01$h1547
=CAT  \\$aS2304-0519$c20230412$lBLL01$h1141
=CAT  \\$aBATCH-SUPP$c20230426$lBLL01$h1111
=CFI  0\$aCurrent Copyright Fee: GBP32.00$c29\0$e01-apr-2023$fGBP32.00$g0$hP$5Uk
=CFI  2\$aPrevious copyright fee: GBP22.00$c29\0$e01-apr-2022$fGBP22.00$g0$hP$5Uk
=FFP  \\$aY$bBLDSS-3PM
=FIN  \\$aY$d20180927
=FMT  \\$a  SE
=LAS  \\$aBATCH-SUPP$b00$c20230426$lBLL01$h1111
=MNI  \\$a0022-1201
=SID  \\$aZ39$bOCLC
=TOC  \\$aETOC
=UNO  \\$aY

