=LDR  03434cas a2200853 i 4500
=001  019057833
=003  Uk
=005  20230426111127.0
=006  m\\\\\\\\d\|\\\\\\
=007  cr||||||||||||
=008  180920c20199999ncuqr\p\o\\\\\0\\\a0eng\\
=015  \\$aGBC117286$2bnb
=022  0\$a2631-6129$202
=037  \\$aISSN_26316110$bPortico$nOxford University Press
=040  \\$aUk$beng$cUk$dUk$erda
=042  \\$aissnuk$aukblsr
=082  04$a616.994490$223
=222  \0$aJournal of breast imaging$b(Online)
=245  00$aJournal of breast imaging.
=264  \1$a[Cary, North Carolina] :$bOxford University Press,$c2019-
=300  \\$billustrations (black and white, and colour)
=310  \\$aQuarterly
=336  \\$atext$2rdacontent
=337  \\$acomputer$2rdamedia
=338  \\$aonline resource$2rdacarrier
=362  0\$aVolume 1, issue 1 (March 2019)-
=540  \\$aCurrent Copyright Fee: GBP42.00$c29\0$5Uk
=588  \\$aDescription based on: Volume 1, issue 1 (March 2019); title from journal homepage, viewed April 30 2019.
=588  \\$aLatest issue consulted: volume 3, issue (January/February 2021) (Oxford Academic, viewed February 3, 2021).
=650  \0$aBreast$xImaging$vPeriodicals.
=650  \0$aBreast$xCancer$xDiagnosis$vPeriodicals.
=710  2\$aSociety of Breast Imaging,$eissuing body.
=776  08$iAlso issued in print as:$tJournal of breast imaging$x2631-6110
=852  41$aBritish Library$bHMNTS$jELD Digital store$3Volume 1:Issue 1(2019)-
=856  40$uhttps://academic.oup.com/jbi
=856  4\$31850-9999$uhttp://www.oxfordjournals.org/$xBLDSS
=859  \\$aELD$bejournal
=859  \\$aXLD$bejournal$cSFX
=945  \\$aJournal of breast imaging.
=959  \\$fCurrently available
=979  \\$aBritish Library$bDSC$j4954.330000N
=985  \\$aWFH record (CS), February 2021
=ACF  \\$aPrevious Copyright Fee: GBP28.00$c29\0$e01-jan-2019$fGBP28.00$g0$hP$5Uk
=ACF  \\$aPrevious Copyright Fee: GBP29.00$c29\0$e01-jan-2020$fGBP29.00$g0$hP$5Uk
=CAT  \\$a11313$b40$c20180920$lBLL01$h1345
=CAT  \\$a5552$b40$c20181213$lBLL01$h1353
=CAT  \\$aIPL-CLA$c20181231$lBLL01$h1556
=CAT  \\$aBLDSS-3PM$b00$c20190115$lBLL01$h1425
=CAT  \\$aBATCH-UPD$b00$c20190115$lBLL01$h1430
=CAT  \\$a11313$b40$c20190430$lBLL01$h0826
=CAT  \\$a15005$b40$c20191114$lBLL01$h1416
=CAT  \\$aR1911-1518$c20191206$lBLL01$h1405
=CAT  \\$aIPL-CLA$c20191231$lBLL01$h2045
=CAT  \\$a8124$b40$c20210203$lBLL01$h1147
=CAT  \\$a8124$b40$c20210203$lBLL01$h1149
=CAT  \\$a5410$b40$c20220207$lBLL01$h1334
=CAT  \\$a5410$b40$c20220209$lBLL01$h1058
=CAT  \\$aBATCH-UPD$b40$c20220308$lBLL01$h1729
=CAT  \\$aIPL-CLA$c20220331$lBLL01$h1953
=CAT  \\$a12654$b40$c20230222$lBLL01$h0900
=CAT  \\$aS2302-1302$c20230322$lBLL01$h1708
=CAT  \\$aS2302-1302$c20230323$lBLL01$h1443
=CAT  \\$aIPL-CLA$c20230331$lBLL01$h1547
=CAT  \\$aS2304-0519$c20230412$lBLL01$h1141
=CAT  \\$aBATCH-SUPP$c20230426$lBLL01$h1111
=CFI  0\$aCurrent Copyright Fee: GBP42.00$c29\0$e01-apr-2023$fGBP42.00$g0$hP$5Uk
=CFI  2\$aPrevious copyright fee: GBP32.00$c29\0$e01-apr-2022$fGBP32.00$g0$hP$5Uk
=FFP  \\$aY$bBLDSS-3PM
=FIN  \\$aY$d20190430
=FMT  \\$a  SE
=LAS  \\$aBATCH-SUPP$b00$c20230426$lBLL01$h1111
=LET  \0$aJournal of breast imaging (Electronic)
=MNI  \\$a2631-6110
=UNO  \\$aY

