=LDR  03789cas a2200889 i 4500
=001  019104524
=003  Uk
=005  20230426111128.0
=006  m\\\\\|\\d\|\\\\\\
=007  cr\|||||||||||
=008  181031c19959999ncusr\p\o\\\\\0\\\a0eng\\
=022  0\$a1535-2900$l1079-2082$202
=037  \\$a???$bOxford University Press
=037  3\$aISSN_10792082$bPortico$nOxford University Press
=040  \\$aUk$beng$cUk$erda
=042  \\$aissnuk$aukblsr
=082  04$a615.1$223
=210  0\$aAm. j. health-syst. pharm.$b(Online)
=222  \0$aAmerican journal of health-system pharmacy$b(Online)
=245  00$aAmerican journal of health-system pharmacy.
=246  3\$aAJHP
=264  \1$aBethesda, MD :$bAmerican Society of Health-System Pharmacists
=264  31$aCary, NC :$bOxford University Press
=310  \\$aSemimonthly
=336  \\$atext$2rdacontent
=337  \\$acomputer$2rdamedia
=338  \\$aonline resource$2rdacarrier
=362  0\$aVolume 52, number 1 (January 1, 1995)-
=500  \\$aTitle from contents page PDF (Oxford Academic, viewed October 2, 2019).
=540  \\$aCurrent Copyright Fee: GBP42.00$c29\0$5Uk
=588  \\$aLatest issue consulted: volume 76, number 17 (September 1, 2019) (Oxford Academic, viewed October 2, 2019).
=650  \0$aHospital pharmacies$zUnited States$vPeriodicals.
=710  2\$aAmerican Society of Health-System Pharmacists.
=776  08$iAlso issued in print as:$tAmerican journal of health-system pharmacy$x1079-2082
=780  00$tAmerican journal of hospital pharmacy
=852  41$aBritish Library$bHMNTS$jELD Digital store$3Volume 71:Number 1(2014)-
=856  40$uhttps://academic.oup.com/ajhp
=856  4\$31850-9999$uhttp://www.oxfordjournals.org/$xBLDSS
=859  \\$aELD$bejournal
=859  \\$aXLD$bejournal$cSFX
=945  \\$aAmerican journal of health system pharmacy.
=959  \\$fCurrently available
=979  \\$aBritish Library$bDSC$j0824.770000
=985  \\$aISSN responsibility transferred from United States ISSN Center to ISSN UK Centre, January 21 2019.
=ACF  \\$aPrevious Copyright Fee: GBP28.00$c29\0$e01-jan-2019$fGBP27.00$g0$hP$5Uk
=ACF  \\$aPrevious Copyright Fee: GBP29.00$c29\0$e01-jan-2020$fGBP29.00$g0$hP$5Uk
=CAT  \\$a8311$b40$c20181031$lBLL01$h1441
=CAT  \\$a5552$b40$c20181127$lBLL01$h1443
=CAT  \\$a5552$b40$c20181213$lBLL01$h1353
=CAT  \\$aIPL-CLA$c20181231$lBLL01$h1556
=CAT  \\$aBLDSS-3PM$b00$c20190115$lBLL01$h1425
=CAT  \\$aBATCH-UPD$b00$c20190115$lBLL01$h1430
=CAT  \\$a11313$b40$c20190121$lBLL01$h1144
=CAT  \\$a10806$b40$c20191002$lBLL01$h0825
=CAT  \\$aW1910-0530$c20191007$lBLL01$h1114
=CAT  \\$aR1911-1518$c20191206$lBLL01$h1405
=CAT  \\$aIPL-CLA$c20191231$lBLL01$h2045
=CAT  \\$aBATCH-UPD$b00$c20220308$lBLL01$h1729
=CAT  \\$aIPL-CLA$c20220331$lBLL01$h1953
=CAT  \\$a12654$b40$c20221219$lBLL01$h1238
=CAT  \\$aS2302-1302$c20230322$lBLL01$h1707
=CAT  \\$aS2302-1302$c20230322$lBLL01$h1708
=CAT  \\$aS2302-1302$c20230323$lBLL01$h1443
=CAT  \\$aIPL-CLA$c20230331$lBLL01$h1547
=CAT  \\$aS2304-0519$c20230412$lBLL01$h1141
=CAT  \\$aBATCH-SUPP$c20230426$lBLL01$h1111
=CFI  0\$aCurrent Copyright Fee: GBP42.00$c29\0$e01-apr-2023$fGBP42.00$g0$hP$5Uk
=CFI  2\$aPrevious copyright fee: GBP32.00$c29\0$e01-apr-2022$fGBP32.00$g0$hP$5Uk
=FFP  \\$aY$bBLDSS-3PM
=FIN  \\$aY$d20190121
=FMT  \\$a  SE
=LAS  \\$aBATCH-SUPP$b00$c20230426$lBLL01$h1111
=LET  \0$aAmerican journal of health-system pharmacy (Electronic)
=LKR  \\$aPAR$b008886531$lBLL01$r776$mAmerican journal of health-system pharmacy (Online)$nAmerican journal of health-system pharmacy
=MNI  \\$a1079-2082
=TOC  \\$aETOC
=UNO  \\$aY

