=LDR  03582cas a2200865 i 4500
=001  019605382
=003  Uk
=005  20230426111130.0
=006  m\\\\\|\\d\|\\\\\\
=007  cr\|||||||||||
=008  191107c19929999ncubr\p\o\\\\\0\\\a0eng\\
=022  \\$a1944-7922$202
=037  \\$aISSN_10603271_4$bPortico$nOxford University Press
=040  \\$aUk$beng$cUk$erda
=042  \\$aissnuk$aukblsr
=082  04$a543$223
=222  \0$aJournal of AOAC International$b(Online)
=245  00$aJournal of AOAC International.
=246  3\$aJournal of Association of Official Analytical Chemists International
=264  \1$aArlington, VA :$bAOAC International
=264  31$aCary, NC :$bOxford University Press$32020-
=300  \\$billustrations (black and white, and colour)
=310  \\$aBimonthly
=336  \\$atext$2rdacontent
=337  \\$acomputer$2rdamedia
=338  \\$aonline resource$2rdacarrier
=362  1\$aPrint began with vol. 75, no. 1 (Jan./Feb. 1992).
=540  \\$aCurrent Copyright Fee: GBP42.00$c29\0$5Uk
=588  \\$aDescription based on print version record.
=588  \\$aLatest issue consulted : Volume 103, issue 5 (September/October 2020) (Oxford Academic website, viewed October 21, 2020).
=650  \0$aAgricultural chemistry$vPeriodicals.
=650  \0$aFood$xAnalysis$vPeriodicals.
=710  2\$aAOAC International,$eissuing body.
=776  08$iAlso issued in print as:$tJournal of AOAC International$x1060-3271
=852  41$aBritish Library$bHMNTS$jELD Digital store$3Volume 97:Number 1(2014)-
=856  40$31850-9999$uhttp://www.oxfordjournals.org/$xBLDSS
=856  40$uhttps://academic.oup.com/jaoac/
=859  \\$aELD$bejournal
=859  \\$aXLD$bejournal$cSFX
=945  \\$aJournal of AOAC INTERNATIONAL.
=959  \\$fCurrently available
=979  \\$aBritish Library$bDSC$j4698.400000
=985  \\$aISSN responsibility transferred from US Center to UK Centre, 21.02.2020.
=ACF  \\$aPrevious copyright fee: GBP28.00$c29\0$e14-nov-2019$fGBP28.00$g0$hP$5Uk
=ACF  \\$aPrevious copyright fee: GBP29.00$c29\0$e14-jan-2020$fGBP29.00$g0$hP$5Uk
=CAT  \\$a15005$b40$c20191107$lBLL01$h1341
=CAT  \\$a5552$b40$c20191114$lBLL01$h1419
=CAT  \\$aBLDSS-3PM$b00$c20191121$lBLL01$h1516
=CAT  \\$aBATCH-UPD$b00$c20191121$lBLL01$h1516
=CAT  \\$a12654$b40$c20200113$lBLL01$h0951
=CAT  \\$a11313$b40$c20200220$lBLL01$h0823
=CAT  \\$a11313$b40$c20200221$lBLL01$h0824
=CAT  \\$a9667$b40$c20200930$lBLL01$h0911
=CAT  \\$a8483$b40$c20201021$lBLL01$h1000
=CAT  \\$a8483$b40$c20201021$lBLL01$h1003
=CAT  \\$aBATCH-UPD$b40$c20220308$lBLL01$h1729
=CAT  \\$aIPL-CLA$c20220331$lBLL01$h1953
=CAT  \\$a12654$b40$c20230222$lBLL01$h0839
=CAT  \\$a12654$b40$c20230222$lBLL01$h0840
=CAT  \\$aS2302-1302$c20230322$lBLL01$h1708
=CAT  \\$aS2302-1302$c20230323$lBLL01$h1443
=CAT  \\$aIPL-CLA$c20230331$lBLL01$h1547
=CAT  \\$aS2304-0519$c20230412$lBLL01$h1141
=CAT  \\$aBATCH-SUPP$c20230426$lBLL01$h1111
=CFI  0\$aCurrent Copyright Fee: GBP42.00$c29\0$e01-apr-2023$fGBP42.00$g0$hP$5Uk
=CFI  2\$aPrevious copyright fee: GBP32.00$c29\0$e01-apr-2022$fGBP32.00$g0$hP$5Uk
=FFP  \\$aY$bBLDSS-3PM
=FIN  \\$aY$d20200220
=FMT  \\$a  SE
=LAS  \\$aBATCH-SUPP$b00$c20230426$lBLL01$h1111
=LET  \0$aJournal of AOAC International (Electronic)
=LKR  \\$aPAR$b010484235$lBLL01$r776$mJournal of AOAC International (Online)$nJournal of AOAC International
=MNI  \\$a1060-3271
=TOC  \\$aETOC
=UNO  \\$aY

