=LDR  03563cas a2200889 i 4500
=001  019605397
=003  Uk
=005  20230426111131.0
=006  m\\\\\|\\d\|\\\\\\
=007  cr\|||||||||||
=008  191107c20169999enkbr\p\o\\\\\0\\\a0eng\\
=022  0\$a2475-7241$202
=037  \\$aISSN_25769456_4$bPortico$nOxford University Press
=040  \\$aUk$beng$cUk$erda
=042  \\$aukblsr$aissnuk
=082  04$a616.0756$223
=210  0\$aJ. appl. lab. med.
=222  \4$aThe journal of applied laboratory medicine
=245  04$aThe journal of applied laboratory medicine.
=264  \1$aWashington, DC :$bAmerican Association for Clinical Chemistry
=264  31$32020-$a[Oxford] :$bOxford University Press
=310  \\$aBimonthly
=336  \\$atext$2rdacontent
=337  \\$acomputer$2rdamedia
=338  \\$aonline resource$2rdacarrier
=362  1\$aPrint began with volume 1, issue 1 (July 2016).
=540  \\$aCurrent Copyright Fee: GBP32.00$c29\0$5Uk
=588  \\$aDescription based on print version record.
=588  \\$aLatest issue consulted: volume 5, number 6 (November 2020) (viewed November 24, 2020).
=650  \0$aClinical chemistry$vPeriodicals.
=650  \0$aDiagnosis, Laboratory$vPeriodicals.
=710  2\$aAmerican Association for Clinical Chemistry,$eissuing body.
=776  08$iPrint version, -2019:$tJournal of applied laboratory medicine$x2576-9456
=852  41$aBritish Library$bHMNTS$jELD Digital store$3Volume 1:Number 1(2016)-
=856  40$31850-9999$uhttp://www.oxfordjournals.org/$xBLDSS
=856  40$uhttps://academic.oup.com/jalm
=859  \\$aXLD$bejournal$cSFX
=859  \\$aELD$bejournal
=945  \\$aJournal of applied laboratory medicine.
=959  \\$fCurrently available
=979  \\$aBritish Library$bDSC$j4942.629000N
=985  \\$aISSN responsibility transferred to UK from U.S. (01/12/20)
=ACF  \\$aPrevious copyright fee: GBP20.00$c29\0$e14-nov-2019$fGBP20.00$g0$hP$5Uk
=CAT  \\$a15005$b40$c20191107$lBLL01$h1401
=CAT  \\$a15005$b40$c20191107$lBLL01$h1402
=CAT  \\$a5552$b40$c20191114$lBLL01$h1422
=CAT  \\$a5552$b40$c20191120$lBLL01$h1352
=CAT  \\$aBLDSS-3PM$b00$c20191121$lBLL01$h1516
=CAT  \\$aBATCH-UPD$b00$c20191121$lBLL01$h1516
=CAT  \\$a5410$b40$c20191127$lBLL01$h1411
=CAT  \\$a12654$b40$c20200113$lBLL01$h1058
=CAT  \\$a9667$b40$c20200930$lBLL01$h0913
=CAT  \\$a8483$b40$c20201021$lBLL01$h1134
=CAT  \\$a5552$b40$c20201113$lBLL01$h0808
=CAT  \\$a10806$b40$c20201124$lBLL01$h0928
=CAT  \\$a10806$b40$c20201124$lBLL01$h0931
=CAT  \\$a10806$b40$c20201201$lBLL01$h0949
=CAT  \\$a10806$b40$c20201201$lBLL01$h1002
=CAT  \\$a10806$b40$c20201201$lBLL01$h1009
=CAT  \\$aBATCH-UPD$b40$c20220308$lBLL01$h1736
=CAT  \\$aIPL-CLA$c20220331$lBLL01$h1953
=CAT  \\$a12654$b40$c20230222$lBLL01$h0846
=CAT  \\$aS2302-1302$c20230322$lBLL01$h1708
=CAT  \\$aS2302-1302$c20230323$lBLL01$h1443
=CAT  \\$aIPL-CLA$c20230331$lBLL01$h1547
=CAT  \\$aS2304-0519$c20230412$lBLL01$h1141
=CAT  \\$aBATCH-SUPP$c20230426$lBLL01$h1111
=CFI  0\$aCurrent Copyright Fee: GBP32.00$c29\0$e01-apr-2023$fGBP32.00$g0$hP$5Uk
=CFI  2\$aPrevious copyright fee: GBP22.00$c29\0$e01-apr-2022$fGBP22.00$g0$hP$5Uk
=FFP  \\$aY$bBLDSS-3PM
=FIN  \\$aY$d20201021
=FMT  \\$a  SE
=LAS  \\$aBATCH-SUPP$b00$c20230426$lBLL01$h1111
=LET  \4$aThe journal of applied laboratory medicine (Electronic)
=MNI  \\$a2576-9456
=TOC  \\$aETOC
=UNO  \\$aY

