=LDR  04758cas a2201045 i 4500
=001  017703129
=003  Uk
=005  20230426111117.0
=006  m\\\\\|\\d\|\\\\\\
=007  cr\|||||||||||
=008  160112c19929999enkmr\p\o\\\\\0\\\a0eng\\
=015  \\$aGBB614716$2bnb
=022  \\$a1347-6947$y0916-8451
=037  3\$aISSN_13476947_4$bPortico$nOxford University Press
=037  \\$aISSN_09168451_21$bPortico$nTaylor & Francis
=040  \\$aUk$beng$cUk$erda
=042  \\$aukblsr
=082  04$a660.6$223
=222  \0$aBioscience, biotechnology, and biochemistry$b(Online)
=245  00$aBioscience, biotechnology, and biochemistry.
=264  \1$a[Abingdon] :$bTaylor & Francis on behalf of Japan Society for Bioscience, Biotechnology, and Agrochemistry
=264  31$a[Oxford] :$bOxford University Press on behalf of Japan Society for Bioscience, Biotechnology and Agrochemistry
=300  \\$billustrations (black and white)
=310  \\$aMonthly
=336  \\$atext$2rdacontent
=337  \\$acomputer$2rdamedia
=338  \\$aonline resource$2rdacarrier
=362  1\$aPrint began with volume 56, number 1 (January 1992).
=500  \\$aFormerly published: Tokyo : Japan Society for Bioscience, Biotechnology, and Agrochemistry, 1992-
=540  \\$aCurrent Copyright Fee: GBP64.00$c29\0$5Uk
=580  \\$aIncludes issues of earlier title: Agricultural and biological chemistry.
=588  \\$aDescription based on print version record.
=588  \\$aLatest issue consulted: volume 85, issue 9 (September 2021) (Oxford Academic website, viewed September 22, 2021).
=650  \0$aBiotechnology$vPeriodicals.
=650  \0$aBiochemistry$vPeriodicals.
=710  2\$aNihon Nōgei Kagakkai,$eissuing body.
=776  08$iAlso issued in print as:$tBioscience, biotechnology, and biochemistry$x0916-8451
=780  10$tAgricultural and biological chemistry
=852  41$aBritish Library$bHMNTS$jELD Digital store$3Volume 78:Issue 1(2014)-***Previous issues available in print copy
=856  \\$31850-9999$uhttp://www.tandfonline.com/$xBLDSS
=856  40$uhttps://academic.oup.com/bbb
=856  40$uhttp://www.tandfonline.com/toc/tbbb20/current
=859  \\$aELD$bejournal
=859  \\$aXLD$bejournal$cSFX
=945  \\$aBIOSCIENCE BIOTECHNOLOGY AND BIOCHEMISTRY.
=959  \\$fCurrently available
=979  \\$aBritish Library$bDSC$j2089.611470
=ACF  \\$aPrevious copyright fee: GBP31.00$c2\0$e01-apr-2016$fGBP31.00$g0$hP$5Uk
=ACF  \\$aPrevious copyright fee: GBP33.00$c2\0$e01-jan-2017$fGBP33.00$g0$hP$5Uk
=ACF  \\$aPrevious copyright fee: GBP35.00$c2\0$e01-jan-2018$fGBP35.00$g0$hP$5Uk
=ACF  \\$aPrevious copyright fee: GBP37.00$c2\0$e01-jan-2019$fGBP37.00$g0$hP$5Uk
=ACF  \\$aPrevious copyright fee: GBP39.00$c2\0$e01-jan-2020$fGBP39.00$g0$hP$5Uk
=ACF  \\$aPrevious copyright fee: GBP42.00$c29\0$e01-jan-2021$fGBP41.00$g0$hP$5Uk
=CAT  \\$a8478$b40$c20160112$lBLL01$h1134
=CAT  \\$aIPL-CLA$c20181231$lBLL01$h1555
=CAT  \\$aBATCH-UPD$b00$c20191122$lBLL01$h1908
=CAT  \\$aIPL-CLA$c20191231$lBLL01$h2042
=CAT  \\$aBATCH-UPD$b00$c20201118$lBLL01$h1342
=CAT  \\$a12654$b40$c20201119$lBLL01$h1349
=CAT  \\$a12654$b40$c20201119$lBLL01$h1354
=CAT  \\$a12654$b40$c20201119$lBLL01$h1356
=CAT  \\$a12654$b40$c20201119$lBLL01$h1403
=CAT  \\$aIPL-CLA$c20201231$lBLL01$h1533
=CAT  \\$aBATCH-UNOA$c20210106$lBLL01$h0031
=CAT  \\$a5552$b40$c20210215$lBLL01$h0835
=CAT  \\$a11450$b40$c20210726$lBLL01$h1051
=CAT  \\$a11450$b40$c20210726$lBLL01$h1102
=CAT  \\$a11450$b40$c20210821$lBLL01$h0823
=CAT  \\$a11450$b40$c20210821$lBLL01$h0824
=CAT  \\$a8483$b40$c20210922$lBLL01$h1201
=CAT  \\$aBATCH-UPD$b40$c20220308$lBLL01$h1718
=CAT  \\$aIPL-CLA$c20220331$lBLL01$h1953
=CAT  \\$a12654$b40$c20230116$lBLL01$h1043
=CAT  \\$aS2302-1302$c20230322$lBLL01$h1707
=CAT  \\$aS2302-1302$c20230322$lBLL01$h1708
=CAT  \\$aS2302-1302$c20230323$lBLL01$h1444
=CAT  \\$aIPL-CLA$c20230331$lBLL01$h1547
=CAT  \\$aS2304-0519$c20230412$lBLL01$h1141
=CAT  \\$aBATCH-SUPP$c20230426$lBLL01$h1111
=CFI  0\$aCurrent Copyright Fee: GBP64.00$c29\0$e01-apr-2023$fGBP64.00$g0$hP$5Uk
=CFI  2\$aPrevious copyright fee: GBP46.00$c29\0$e01-apr-2022$fGBP46.00$g0$hP$5Uk
=FFP  \\$aY$bBLDSS-3PM
=FIN  \\$aY$d20160202
=FMT  \\$a  SE
=LAS  \\$aBATCH-SUPP$b00$c20230426$lBLL01$h1111
=LET  \0$aBioscience, biotechnology, and biochemistry (Electronic)
=LKR  \\$aPAR$b012753690$lBLL01$nBioscience, biotechnology, and biochemistry (Print)$mBioscience, biotechnology, and biochemistry (Online)$r776
=MNI  \\$a0916-8451
=TOC  \\$aETOC
=UNO  \\$aY

