=LDR  05240cas a2201213 a 4500
=001  017751601
=003  Uk
=005  20230426111117.0
=006  m\\\\\o\\d\\\\\\\\
=007  cr\mnu||||||||
=008  010306c19699999xxu\x\pso\\\\\0\\\a0eng\c
=010  \\$a  2003215241
=015  \\$aGBB666203$2bnb
=016  7\$a026986574$2DE-101
=016  7\$a2174980-2$2DE-600
=022  0\$a1545-1410$202
=035  \\$a(OCoLC)46381503
=037  \\$amspecies$bOxford University Press
=037  3\$aISSN_00763519_4$bPortico$nOxford University Press
=040  \\$aBIK$beng$cBIK$dOCLCQ$dWCM$dNSD$dOCLCQ$dDLC$dOCLCQ$dNSD$dOCLCQ$dMUQ$dEYM$dCUS$dDLC$dOCLCQ$dGBVCP$dOCLCQ$dOCLCF$dEUW$dOCLCQ$dUk
=042  \\$aukblsr$aissnuk
=050  14$aQL700
=082  04$a599.05$223
=130  0\$aMammalian species (Online)
=210  0\$aMamm. species$b(Online)
=222  \0$aMammalian species$b(Online)
=245  10$aMammalian species.
=260  \\$a[New York] :$bAmerican Society of Mammalogists,$c1969-
=264  31$a[United States?] :$bpublished by Oxford University Press on behalf of American Society of Mammologists
=300  \\$billustrations (colour)
=310  \\$aIrregular
=336  \\$atext$2rdacontent
=337  \\$acomputer$2rdamedia
=338  \\$aonline resource$2rdacarrier
=362  0\$aNo. 1 (29 Dec. 1969)-
=500  \\$aTitle from caption (JSTOR, viewed Sept. 13, 2006).
=500  \\$aPublished: Lawrence, KS, <2002->
=538  \\$aMode of access: World Wide Web.
=540  \\$aCurrent Copyright Fee: GBP13.00$c29\0$5Uk
=588  \\$aLatest issue consulted: volume 48, issue 932 (5 May 2016) (Oxford Journals, viewed May 16, 2016).
=650  \0$aMammals$vPeriodicals.
=650  \6$aMammifères$vPériodiques.
=650  \7$aMammals.$2fast$0(OCoLC)fst01006948
=655  \0$aElectronic journals.
=655  \7$aPeriodicals.$2fast$0(OCoLC)fst01411641
=710  2\$aAmerican Society of Mammalogists,$eissuing body.
=776  08$iPrint version, -2005:$tMammalian species$x0076-3519
=852  41$aBritish Library$bHMNTS$jELD Digital store$3Volume 46:Number 905(2014)-
=856  \\$31850-9999$uhttp://www.oxfordjournals.org/$xBLDSS
=856  40$uhttp://firstsearch.oclc.org/journal=0076-3519;screen=info;ECOIP$zAddress for accessing the journal from an authorized IP address through OCLC FirstSearch Electronic Collections Online
=856  40$uhttp://mspecies.oxfordjournals.org/
=856  40$uhttp://www.asmjournals.org
=856  40$uhttp://www.bioone.org/bioone/?request=get-journals-list&issn=0076-3519$zConnect to Mammalian species (Online)
=856  40$uhttp://www.jstor.org/journals/00763519.html
=859  \\$aXLD$bejournal$cSFX
=859  \\$aELD$bejournal
=945  \\$aMammalian species.
=959  \\$fCurrently available
=979  \\$aBritish Library$bDSC$j5357.700000
=985  \\$aBeginning with no. 788 (24 May 2006), issued in online format only.
=985  \\$aISSN responsibility transferred to UK from U.S., 20/06/16.
=ACF  \\$aPrevious copyright fee: GBP24.00$c29\0$e17-nov-2016$fGBP24.00$g0$hP$5Uk
=ACF  \\$aPrevious copyright fee: GBP26.00$c29\0$e01-jan-2017$fGBP26.00$g0$hP$5Uk
=ACF  \\$aPrevious copyright fee: GBP27.00$c29\0$e01-jan-2018$fGBP27.00$g0$hP$5Uk
=ACF  \\$aPrevious copyright fee: GBP28.00$c29\0$e01-jan-2019$fGBP28.00$g0$hP$5Uk
=ACF  \\$aPrevious Copyright Fee: GBP10.00$c29\0$e01-jan-2020$fGBP10.00$g0$hP$5Uk
=CAT  \\$a14448$b40$c20160225$lBLL01$h0817
=CAT  \\$a3072$b40$c20160517$lBLL01$h1011
=CAT  \\$a10806$b40$c20160613$lBLL01$h1313
=CAT  \\$a10806$b40$c20160620$lBLL01$h1129
=CAT  \\$a5552$b40$c20161117$lBLL01$h0824
=CAT  \\$aBATCH-UPD$b40$c20161122$lBLL01$h1522
=CAT  \\$aBLDSS-3PM$b00$c20161123$lBLL01$h1724
=CAT  \\$aBATCH-UPD$b00$c20161123$lBLL01$h1810
=CAT  \\$aIPL-CLA$c20161231$lBLL01$h0025
=CAT  \\$aBATCH-UPD$b00$c20171121$lBLL01$h1705
=CAT  \\$aW1711-1005$c20171206$lBLL01$h1829
=CAT  \\$aIPL-CLA$c20171231$lBLL01$h1831
=CAT  \\$aBATCH-UPD$b00$c20181217$lBLL01$h1653
=CAT  \\$aIPL-CLA$c20181231$lBLL01$h1555
=CAT  \\$a5410$b40$c20190913$lBLL01$h0946
=CAT  \\$aW1910-0530$c20191007$lBLL01$h1114
=CAT  \\$aR1911-1518$c20191206$lBLL01$h1433
=CAT  \\$aIPL-CLA$c20191231$lBLL01$h2042
=CAT  \\$aBATCH-UPD$b00$c20220308$lBLL01$h1739
=CAT  \\$aIPL-CLA$c20220331$lBLL01$h1953
=CAT  \\$a12654$b40$c20230224$lBLL01$h1349
=CAT  \\$aS2302-1302$c20230322$lBLL01$h1708
=CAT  \\$aS2302-1302$c20230323$lBLL01$h1443
=CAT  \\$aIPL-CLA$c20230331$lBLL01$h1547
=CAT  \\$aS2304-0519$c20230412$lBLL01$h1141
=CAT  \\$aBATCH-SUPP$c20230426$lBLL01$h1111
=CFI  0\$aCurrent Copyright Fee: GBP13.00$c29\0$e01-apr-2023$fGBP13.00$g0$hP$5Uk
=CFI  2\$aPrevious copyright fee: GBP11.00$c29\0$e01-apr-2022$fGBP11.00$g0$hP$5Uk
=FFP  \\$aY$bBLDSS-3PM
=FIN  \\$aY$d20160516
=FMT  \\$a  SE
=LAS  \\$aBATCH-SUPP$b00$c20230426$lBLL01$h1111
=LET  \0$aMammalian species (Electronic)
=LKR  \\$aPAR$b008897700$lBLL01$nMammalian species (Print)$mMammalian species (Online)$r776
=MNI  \\$a0076-3519
=SRC  \\$aBLL02
=TOC  \\$aETOC
=UNO  \\$aY

