=LDR  03112cas a2200757 i 4500
=001  017858487
=003  Uk
=005  20230426111118.0
=006  m\\\\\\\\d\|\\\\\\
=007  cr||||||||||||
=008  160525c20189999ncuqr\p\o\\\\\0\\\a0eng\\
=022  0\$a2398-4929$202
=037  \\$a???$bOxford University Press
=037  3\$aISSN_23984910$bPortico$nOxford University Press
=040  \\$aUk$beng$cUk$erda
=042  \\$aissnuk$aukblsr
=082  04$a351.05$223
=222  \0$aPerspectives on public management and governance$b(Online)
=245  00$aPerspectives on public management and governance.
=264  \1$aCary, NC :$bOxford University Press,$c2018-
=310  \\$aQuarterly
=336  \\$atext$2rdacontent
=337  \\$acomputer$2rdamedia
=338  \\$aonline resource$2rdacarrier
=362  0\$aVolume 1, number 1 (March 2018)-
=500  \\$aTitle from cover image (Oxford Academic, viewed October 18, 2018).
=540  \\$aCurrent Copyright Fee: GBP32.00$c29\0$5Uk
=550  \\$aOfficial journal of the Public Management Research Association.
=650  \0$aPublic administration$vPeriodicals.
=650  \0$aLocal government$vPeriodicals.
=650  \0$aAdministrative agencies$xManagement$vPeriodicals.
=690  7\$aManagement and Business Studies$2blcoll
=710  2\$aPublic Management Research Association,$eissuing body.
=776  08$iAlso issued in print as:$tPerspective on public management and governance$x2398-4910
=787  0\$tJournal of public administration research and theory$x1477-9803
=852  41$aBritish Library$bHMNTS$jELD Digital store$3Volume 1:Issue 1(2018)-
=856  \\$31850-9999$uhttp://www.oxfordjournals.org/$xBLDSS
=856  40$uhttps://academic.oup.com/ppmg
=859  \\$aXLD$bejournal$cSFX
=859  \\$aELD$bejournal
=959  \\$fCurrently available
=979  \\$aBritish Library$bDSC$j6428.158800N
=CAT  \\$a11205$b40$c20160525$lBLL01$h1706
=CAT  \\$a14412$b40$c20180228$lBLL01$h0844
=CAT  \\$a10806$b40$c20181018$lBLL01$h0936
=CAT  \\$aBATCH-MBS$c20181026$lBLL01$h2130
=CAT  \\$a5997$b40$c20190416$lBLL01$h1418
=CAT  \\$aW1910-0530$c20191007$lBLL01$h1114
=CAT  \\$a12654$b40$c20230302$lBLL01$h0917
=CAT  \\$aS2302-1302$c20230322$lBLL01$h1708
=CAT  \\$aS2302-1302$c20230323$lBLL01$h1444
=CAT  \\$aIPL-CLA$c20230331$lBLL01$h1547
=CAT  \\$aBLDSS-3PM$b00$c20230403$lBLL01$h1210
=CAT  \\$aBATCH-UPD$b00$c20230403$lBLL01$h1211
=CAT  \\$aBATCH-UNOA$c20230405$lBLL01$h0021
=CAT  \\$aS2304-0519$c20230412$lBLL01$h1141
=CAT  \\$aBATCH-SUPP$c20230426$lBLL01$h1111
=CFI  0\$aCurrent Copyright Fee: GBP32.00$c29\0$e01-apr-2023$fGBP32.00$g0$hP$5Uk
=FFP  \\$aY$bBLDSS-3PM
=FIN  \\$aY$d20181018
=FMT  \\$a  SE
=LAS  \\$aBATCH-SUPP$b00$c20230426$lBLL01$h1111
=LET  \0$aPerspective on public management and governance (Electronic)
=LKR  \\$aPAR$b014017266$lBLL01$r787$mPerspectives on public management and governance (Online)$nJournal of public administration research and theory (Online)
=MNI  \\$a2398-4910
=UNO  \\$aY

