=LDR  03288cas a2200841 i 4500
=001  018112143
=003  Uk
=005  20230426111121.0
=006  m\\\\\|\\d\|\\\\\\
=007  cr\|||||||||||
=008  161121c20179999ncubr\p\o\\\\\0\\\a0eng\\
=015  \\$aGBB7K5110$2bnb
=022  0\$a2399-3421$202
=037  \\$aisd$bOxford University Press
=037  3\$aISSN_23993421$bPortico$nOxford University Press
=040  \\$aUk$beng$cUk$erda
=042  \\$aissnuk$aukblsr
=082  04$a595.705$223
=210  0\$aInsect syst. diversity
=222  \0$aInsect systematics and diversity
=245  00$aInsect systematics and diversity.
=246  3\$aISD
=264  \1$a[Cary, North Carolina] :$bOxford University Press on behalf of Entomological Society of America,$c2017-
=310  \\$aBimonthly
=336  \\$atext$2rdacontent
=337  \\$acomputer$2rdamedia
=338  \\$aonline resource$2rdacarrier
=362  0\$aVolume 1, issue 1 (October 2017)-
=500  \\$aTitle from journal homepage (Oxford Academic, viewed November 1, 2017).
=540  \\$aCurrent copyright fee: GBP22.00$c29\0$5Uk
=650  \0$aEntomology$vPeriodicals.
=650  \0$aInsects$vPeriodicals.
=710  2\$aEntomological Society of America,$eissuing body.
=852  41$aBritish Library$bHMNTS$jELD Digital store$3Volume 2:Issue 1(2018)-
=856  40$31850-9999$uhttp://www.oxfordjournals.org/$xBLDSS
=856  40$uhttps://academic.oup.com/isd
=859  \\$aELD$bejournal
=859  \\$aXLD$bejournal$cSFX
=945  \\$aInsect Systematics and Diversity.
=959  \\$fCurrently available
=979  \\$aBritish Library$bDSC$j4516.918750N
=ACF  \\$aPrevious copyright fee: GBP26.00$c29\0$e31-may-2017$fGBP26.00$g0$hP$5Uk
=ACF  \\$aPrevious copyright fee: GBP27.00$c29\0$e01-jan-2018$fGBP27.00$g0$hP$5Uk
=ACF  \\$aPrevious copyright fee: GBP28.00$c29\0$e01-jan-2019$fGBP28.00$g0$hP$5Uk
=CAT  \\$a8311$b40$c20161121$lBLL01$h1555
=CAT  \\$a10983$b40$c20170306$lBLL01$h1600
=CAT  \\$a5552$b40$c20170531$lBLL01$h1422
=CAT  \\$aBLDSS-3PM$b00$c20170606$lBLL01$h1445
=CAT  \\$aBATCH-UPD$b00$c20170606$lBLL01$h1446
=CAT  \\$a10806$b40$c20170718$lBLL01$h0951
=CAT  \\$a10806$b40$c20171101$lBLL01$h1623
=CAT  \\$aBATCH-UPD$b40$c20171121$lBLL01$h1705
=CAT  \\$aW1711-1005$c20171206$lBLL01$h1829
=CAT  \\$aIPL-CLA$c20171231$lBLL01$h1833
=CAT  \\$aBATCH-UPD$b00$c20181217$lBLL01$h1653
=CAT  \\$aIPL-CLA$c20181231$lBLL01$h1555
=CAT  \\$aW1910-0530$c20191007$lBLL01$h1114
=CAT  \\$aR1911-1518$c20191206$lBLL01$h1418
=CAT  \\$aIPL-CLA$c20191231$lBLL01$h2043
=CAT  \\$aBATCH-UPD$b00$c20220308$lBLL01$h1736
=CAT  \\$aIPL-CLA$c20220331$lBLL01$h1953
=CAT  \\$a12654$b40$c20230201$lBLL01$h1106
=CAT  \\$aS2302-1302$c20230322$lBLL01$h1707
=CAT  \\$aBATCH-SUPP$c20230426$lBLL01$h1111
=CFI  0\$aCurrent copyright fee: GBP22.00$c29\0$e01-apr-2022$fGBP22.00$g0$hP$5Uk
=CFI  2\$aPrevious Copyright Fee: GBP20.00$c29\0$e01-jan-2020$fGBP20.00$g0$hP$5Uk
=FFP  \\$aY$bBLDSS-3PM
=FIN  \\$aY$d20171101
=FMT  \\$a  SE
=LAS  \\$aBATCH-SUPP$b00$c20230426$lBLL01$h1111
=LET  \0$aInsect systematics and diversity (Electronic)
=MNI  \\$a2399-3421
=UNO  \\$aY

