=LDR  05481cas a2201273 i 4500
=001  018119839
=003  Uk
=005  20230426111121.0
=006  m\\\\\o\\d\\\\\\\\
=007  cr\|||||||||||
=008  031203c19789999xxumr\pso\\\\\0\\\a0eng\d
=010  \\$a  2004215430
=015  \\$aGBB7C3033$2bnb
=022  0\$a1550-9109$l0161-8105$y1061-8105$202
=035  \\$a(OCoLC)53827336$z(OCoLC)48552569$z(OCoLC)60639309$z(OCoLC)858841706
=037  \\$asleep$bOxford University Press
=037  3\$aISSN_01618105$bPortico$nOxford University Press
=040  \\$aDRB$beng$cDRB$dOCLCQ$dNSD$dOCL$dOCLCS$dOCLCQ$dCOU$dOCLCQ$dNSD$dCUS$dLGG$dOCLCQ$dCOD$dOCLCQ$dOCLCF$dOCLCO$dVT2$dEUW$dOCLCQ$dCUS$dSCB$dOCLCO$dOCLCA$dUAB$dOCLCO$dUk
=042  \\$ansdp$aukblsr$aissnuk
=050  14$aQP425$b.S65
=082  10$a616.8498$223
=130  0\$aSleep (New York, N.Y.)
=210  0\$aSleep$b(N.Y. N.Y. Online)
=222  \0$aSleep$b(New York, N.Y. Online)
=245  10$aSleep.
=246  30$aJournal sleep
=260  \\$aWestchester, Ill. :$bAssociated Professional Sleep Societies
=264  \1$a[United States?] :$bOxford University Press
=310  \\$aTwelve no. a year,$b<2007->
=321  \\$aNine no. a year
=336  \\$atext$2rdacontent
=337  \\$acomputer$2rdamedia
=338  \\$aonline resource$2rdacarrier
=362  1\$aPrint began in 1978.
=500  \\$aFormerly published: New York, NY : Raven Press.
=500  \\$a"Official publication of the Sleep Research Society".
=530  \\$aAlso issued in print.
=538  \\$aMode of access: World Wide Web.
=540  \\$aCurrent Copyright Fee: GBP32.00$c29\0$5Uk
=550  \\$aA joint venture of the American Academy of Sleep Medicine and the Sleep Research Society.
=588  \\$aDescription based on: Vol. 27, issue 4 (June 15, 2004); title from HTML title screen (viewed June 18, 2004).
=588  \\$aLatest issue consulted: volume 40, issue 4 (1 April 2017) (Oxford Academic, viewed May 5, 2017).
=650  \0$aSleep$xPhysiological aspects$vPeriodicals.
=650  \0$aSleep disorders$vPeriodicals.
=650  \6$aSommeil$xAspect physiologique$vPériodiques.
=650  \6$aSommeil, Troubles du$vPériodiques.
=650  \7$aSleep disorders.$2fast$0(OCoLC)fst01120844
=650  \7$aSleep$xPhysiological aspects.$2fast$0(OCoLC)fst01120824
=650  \2$aSleep$xphysiological aspects.
=650  \2$aSleep Wake Disorders.
=650  \2$aPsychophysiology.
=655  \0$aElectronic journals.
=655  \7$aPeriodicals.$2fast$0(OCoLC)fst01411641
=710  2\$aAssociated Professional Sleep Societies.
=710  2\$aSleep Research Society.
=710  2\$aAmerican Academy of Sleep Medicine.
=776  08$iPrint version, -2010:$tSleep (New York, N.Y.)$x0161-8105
=852  41$aBritish Library$bHMNTS$jELD Digital store$3Volume 37:Issue 1(2014)-***Previous issues available in print copy
=856  \\$31850-9999$uhttp://www.oxfordjournals.org/$xBLDSS
=856  4\$uhttp://www.pubmedcentral.nih.gov/tocrender.fcgi?journal=369&action=archive
=856  40$uhttp://bibpurl.oclc.org/web/21399
=856  40$uhttp://www.journalsleep.org/
=856  40$uhttps://academic.oup.com/sleep
=859  \\$aELD$bejournal
=859  \\$aXLD$bejournal$cSFX
=945  \\$aSLEEP -NEW YORK THEN WESTCHESTER-.
=959  \\$fCurrently available
=979  \\$aBritish Library$bDSC$j8309.440000
=985  \\$aISSN responsibility transferred from U.S. Center to UK, 12/12/17
=ACF  \\$aPrevious copyright fee: GBP26.00$c29\0$e31-may-2017$fGBP26.00$g0$hP$5Uk
=ACF  \\$aPrevious copyright fee: GBP27.00$c29\0$e01-jan-2018$fGBP27.00$g0$hP$5Uk
=ACF  \\$aPrevious copyright fee: GBP28.00$c29\0$e01-jan-2019$fGBP28.00$g0$hP$5Uk
=ACF  \\$aPrevious Copyright Fee: GBP20.00$c29\0$e01-jan-2020$fGBP20.00$g0$hP$5Uk
=CAT  \\$a11450$b40$c20161128$lBLL01$h1356
=CAT  \\$aBLDSS-3PM$b00$c20170606$lBLL01$h1445
=CAT  \\$aBATCH-UPD$b00$c20170606$lBLL01$h1446
=CAT  \\$aBATCH-UPD$b00$c20170607$lBLL01$h0040
=CAT  \\$a10806$b40$c20170718$lBLL01$h1348
=CAT  \\$a10806$b40$c20170718$lBLL01$h1352
=CAT  \\$a10806$b40$c20171102$lBLL01$h0950
=CAT  \\$a10806$b40$c20171102$lBLL01$h0959
=CAT  \\$aBATCH-UPD$b40$c20171121$lBLL01$h1705
=CAT  \\$aW1711-1005$c20171206$lBLL01$h1829
=CAT  \\$a10806$b40$c20171212$lBLL01$h1103
=CAT  \\$aIPL-CLA$c20171231$lBLL01$h1833
=CAT  \\$aBATCH-UPD$b00$c20181217$lBLL01$h1653
=CAT  \\$aIPL-CLA$c20181231$lBLL01$h1555
=CAT  \\$a5410$b40$c20190625$lBLL01$h1419
=CAT  \\$aW1910-0530$c20191007$lBLL01$h1114
=CAT  \\$aR1911-1518$c20191206$lBLL01$h1419
=CAT  \\$aIPL-CLA$c20191231$lBLL01$h2043
=CAT  \\$aBATCH-UPD$b00$c20220308$lBLL01$h1736
=CAT  \\$aIPL-CLA$c20220331$lBLL01$h1953
=CAT  \\$a12654$b40$c20230307$lBLL01$h0853
=CAT  \\$aS2302-1302$c20230322$lBLL01$h1708
=CAT  \\$aS2302-1302$c20230323$lBLL01$h1444
=CAT  \\$aIPL-CLA$c20230331$lBLL01$h1547
=CAT  \\$aS2304-0519$c20230412$lBLL01$h1141
=CAT  \\$aBATCH-SUPP$c20230426$lBLL01$h1111
=CFI  0\$aCurrent Copyright Fee: GBP32.00$c29\0$e01-apr-2023$fGBP32.00$g0$hP$5Uk
=CFI  2\$aPrevious copyright fee: GBP22.00$c29\0$e01-apr-2022$fGBP22.00$g0$hP$5Uk
=FFP  \\$aY$bBLDSS-3PM
=FIN  \\$aY$d20170505
=FMT  \\$a  SE
=LAS  \\$aBATCH-SUPP$b00$c20230426$lBLL01$h1111
=MNI  \\$a0161-8105
=SID  \\$aZ39$bOCLC
=TOC  \\$aETOC
=UNO  \\$aY

