=LDR  03580cas a2200877 i 4500
=001  016468669
=003  Uk
=005  20230426111048.0
=006  m\\\\\\\\d\|\\\\\\
=007  cr||||||||||||
=008  130807c20159999enkfr\p\o\\\\\0\\\a0eng\\
=015  \\$aGBB535495$2bnb
=022  0\$a2053-4841$202
=037  \\$ajfr$bOxford University Press
=037  3\$aISSN_20534833$bPortico$nOxford University Press
=040  \\$aUk$beng$cUk$erda
=042  \\$aissnuk$aukblsr
=082  04$a346.0805$223
=222  \0$aJournal of financial regulation$b(Online)
=245  00$aJournal of financial regulation.
=264  \1$aOxford :$bOxford University Press,$c2015-
=310  \\$aSemiannual
=336  \\$atext$2rdacontent
=337  \\$acomputer$2rdamedia
=338  \\$aonline resource$2rdacarrier
=362  0\$aVolume 1, issue 1 (01 March 2015)-
=500  \\$aTitle from journal home page (Oxford University Press Journals, viewed March 12, 2015).
=540  \\$aCurrent Copyright Fee: GBP32.00$c29\0$5Uk
=650  \0$aFinancial institutions$xLaw and legislation$vPeriodicals.
=650  \0$aFinancial services industry$xLaw and legislation$vPeriodicals.
=776  08$iPrint version -2017 :$tJournal of financial regulation$x2053-4833
=852  41$aBritish Library$bHMNTS$jELD Digital store$3Volume 1:Issue 1(2015)-***Previous issues available in print copy
=856  \\$31850-9999$uhttp://www.oxfordjournals.org/en/$xBLDSS
=856  40$uhttp://jfr.oxfordjournals.org/
=859  \\$aELD$bejournal
=859  \\$aXLD$bejournal$cSFX
=945  \\$aJournal of financial regulation
=959  \\$fCurrently available
=979  \\$aBritish Library$cDSC$j4984.263500N
=ACF  \\$aPrevious copyright fee: zero$c29\0$e01-jan-2015$fGBP0.00$g0$hP$5Uk
=ACF  \\$aPrevious Copyright Fee: GBP20.00$c29\0$e01-jan-2020$fGBP20.00$g0$hP$5Uk
=CAT  \\$a11313$b40$c20130807$lBLL01$h0813
=CAT  \\$a5552$b40$c20141030$lBLL01$h0854
=CAT  \\$aIPL-CLA$c20141231$lBLL01$h1704
=CAT  \\$a8411$b40$c20150119$lBLL01$h1402
=CAT  \\$aBLDSS-3PM$b00$c20150215$lBLL01$h1113
=CAT  \\$a11205$b40$c20150312$lBLL01$h1529
=CAT  \\$a11205$b40$c20151201$lBLL01$h0943
=CAT  \\$aBATCH-UPD$b40$c20160413$lBLL01$h1826
=CAT  \\$aBATCH-UPD$b40$c20160524$lBLL01$h2215
=CAT  \\$aBATCH-UPD$b40$c20160525$lBLL01$h0057
=CAT  \\$aW1711-1005$c20171206$lBLL01$h1825
=CAT  \\$a8483$b40$c20180111$lBLL01$h1426
=CAT  \\$aW1910-0530$c20191007$lBLL01$h1114
=CAT  \\$aR1911-1518$c20191206$lBLL01$h1418
=CAT  \\$aIPL-CLA$c20191231$lBLL01$h2035
=CAT  \\$a10973$b40$c20200603$lBLL01$h0824
=CAT  \\$aBATCH-UPD$b40$c20220308$lBLL01$h1736
=CAT  \\$aIPL-CLA$c20220331$lBLL01$h1952
=CAT  \\$a12654$b40$c20230222$lBLL01$h1149
=CAT  \\$aS2302-1302$c20230322$lBLL01$h1708
=CAT  \\$aS2302-1302$c20230323$lBLL01$h1443
=CAT  \\$aIPL-CLA$c20230331$lBLL01$h1547
=CAT  \\$aS2304-0519$c20230412$lBLL01$h1140
=CAT  \\$aBATCH-SUPP$c20230426$lBLL01$h1110
=CFI  0\$aCurrent Copyright Fee: GBP32.00$c29\0$e01-apr-2023$fGBP32.00$g0$hP$5Uk
=CFI  2\$aPrevious copyright fee: GBP22.00$c29\0$e01-apr-2022$fGBP22.00$g0$hP$5Uk
=FFP  \\$aY$bBLDSS-3PM
=FIN  \\$aY$d20150312
=FMT  \\$a  SE
=LAS  \\$aBATCH-SUPP$b00$c20230426$lBLL01$h1110
=LET  \0$aJournal of financial regulation (Electronic)
=LKR  \\$aPAR$b016468668$lBLL01$nJournal of financial regulation (Print)$mJournal of financial regulation (Online)$r776
=MNI  \\$a2053-4833
=TOC  \\$aETOC
=UNO  \\$aY

