=LDR  05193cas a2201153 a 4500
=001  016469290
=003  Uk
=005  20230426111049.0
=006  m\\\\\o\\d\\\\\\\\
=007  cr\|||||||||||
=008  120616c19879999enkqr\pso\\\\\0\\\a0eng\\
=010  \\$a  2014202634
=015  \\$aGBB496509$2bnb
=022  0\$a2053-4892$202
=035  \\$a(OCoLC)855265046
=037  \\$appar$bOxford University Press
=037  3\$aISSN_10553037$bPortico$nOxford University Press
=040  \\$aAU@$beng$cAU@$dNGU$dGPM$dTXA$dZ5A$dDLC$dOCLCO$dOCLCF$dUk
=042  \\$aissnuk$aukblsr
=082  04$a362.60973$223
=210  0\$aPublic policy aging rep.$b(Online)
=222  \0$aPublic policy and aging report$b(Online)
=245  00$aPublic policy and aging report$h[electronic resource].
=246  1\$aPublic policy & aging report
=246  1\$aPP&AR
=264  \1$a[Chicago, IL :$bPolicy Research Associates],$c1987-
=264  21$31991-1995:$a[Chicago, IL :$bUniversity of Chicago, Center on Aging, Health, and Society and the Irving B. Harris Graduate School of Public Policy Studies]
=264  21$3Nov. 1995-fall 1998:$a[Chicago, IL :$bNational Academy on Aging]
=264  21$3winter 1998-2013:$a[Chicago, IL :$bNational Academy on an Aging Society]
=264  31$32014- :$aOxford, UK :$bOxford University Press on behalf of The Gerontological Society of America
=310  \\$aQuarterly,$bNov. 1995-
=321  \\$aBimonthly,$b1987-
=336  \\$atext$2rdacontent
=337  \\$acomputer$2rdamedia
=338  \\$aonline resource$2rdacarrier
=362  1\$aPrint began with: Vol. 1, no. 1 (Sept./Oct. 1987).
=540  \\$aCurrent Copyright Fee: GBP42.00$c29\0$5Uk
=588  \\$aDescription based on: Vol. 9, no. 3 (fall 1998); title from PDF article header (Oxford journals, viewed Mar. 19, 2014).
=588  \\$aLatest issue consulted: volume 24, number 2 (spring 2014) (viewed September 9, 2014).
=650  \0$aOlder people$zUnited States$vPeriodicals.
=650  \0$aOlder people$xGovernment policy$zUnited States$vPeriodicals.
=690  7\$aSocial Welfare$2blcoll
=710  2\$aPolicy Research Associates.
=710  2\$aUniversity of Chicago.$bCenter on Aging, Health, and Society.
=710  2\$aIrving B. Harris Graduate School of Public Policy Studies.
=710  2\$aNational Academy on Aging (U.S.)
=710  2\$aNational Academy on an Aging Society.
=710  2\$aGerontological Society of America.
=776  08$iPrint version:$tPublic policy and aging report$x1055-3037
=852  41$aBritish Library$bHMNTS$jELD Digital store$3Volume 24:Number 2(2014:Summer)-
=856  \\$31850-9999$uhttp://www.oxfordjournals.org/$xBLDSS
=856  40$uhttp://ppar.oxfordjournals.org/content/by/year
=859  \\$aELD$bejournal
=859  \\$aXLD$bejournal$cSFX
=945  \\$aPUBLIC POLICY AND AGING REPORT.
=959  \\$fCurrently available
=979  \\$aBritish Library$bDSC$j6968.312000N
=ACF  \\$aPrevious copyright fee: GBP8.00$c29\0$e11-jan-2019$fGBP8.00$g0$hP$5Uk
=ACF  \\$aPrevious copyright fee: GBP7.00$c29\0$e21-nov-2016$fGBP7.00$g0$hP$5Uk
=ACF  \\$aPrevious Copyright Fee: GBP16.00$c0$e01-jul-2015$fGBP16.00$g0$hC$5Uk
=ACF  \\$aBritish Library not licensed to copy$c0$e01-apr-2014$hC$iCFP Excluded$5Uk
=ACF  \\$aPrevious copyright fee: GBP20.00$c29\0$e16-jan-2020$fGBP20.00$g0$hP$5Uk
=CAT  \\$a11313$b40$c20130808$lBLL01$h0852
=CAT  \\$a11315$b40$c20140530$lBLL01$h1140
=CAT  \\$a5997$b40$c20140730$lBLL01$h0941
=CAT  \\$a11315$b40$c20140807$lBLL01$h1025
=CAT  \\$a11316$b40$c20140909$lBLL01$h0951
=CAT  \\$a11316$b40$c20140909$lBLL01$h0953
=CAT  \\$a11316$b40$c20140909$lBLL01$h1013
=CAT  \\$aBATCH-SWP$c20140912$lBLL01$h2309
=CAT  \\$a11317$b40$c20141104$lBLL01$h1030
=CAT  \\$aBATCH-CLA$b00$c20150529$lBLL01$h1528
=CAT  \\$aIPL-CLA$c20150630$lBLL01$h1720
=CAT  \\$a5552$b40$c20161121$lBLL01$h1340
=CAT  \\$aBLDSS-3PM$b00$c20161130$lBLL01$h1439
=CAT  \\$aBATCH-UPD$b00$c20161130$lBLL01$h1439
=CAT  \\$aW1711-1005$c20171206$lBLL01$h1825
=CAT  \\$a5552$b40$c20190111$lBLL01$h1238
=CAT  \\$aW1910-0530$c20191007$lBLL01$h1114
=CAT  \\$a12654$b40$c20200116$lBLL01$h1459
=CAT  \\$aBATCH-UPD$b40$c20220308$lBLL01$h1736
=CAT  \\$aIPL-CLA$c20220331$lBLL01$h1952
=CAT  \\$a12654$b40$c20230302$lBLL01$h1235
=CAT  \\$aS2302-1302$c20230322$lBLL01$h1708
=CAT  \\$aS2302-1302$c20230323$lBLL01$h1444
=CAT  \\$aIPL-CLA$c20230331$lBLL01$h1547
=CAT  \\$aS2304-0519$c20230412$lBLL01$h1140
=CAT  \\$aBATCH-SUPP$c20230426$lBLL01$h1110
=CFI  0\$aCurrent Copyright Fee: GBP42.00$c29\0$e01-apr-2023$fGBP42.00$g0$hP$5Uk
=CFI  2\$aPrevious copyright fee: GBP22.00$c29\0$e01-apr-2022$fGBP22.00$g0$hP$5Uk
=FFP  \\$aY$bBLDSS-3PM
=FIN  \\$aY$d20140530
=FMT  \\$a  SE
=LAS  \\$aBATCH-SUPP$b00$c20230426$lBLL01$h1110
=LET  \0$aPublic policy & aging report (Electronic)
=LKR  \\$aPAR$b005514597$lBLL01$r77608$mPublic policy and aging report (Online)$nThe Public policy and aging report (Print)
=MNI  \\$a1055-3037
=SID  \\$aZ39$bOCLC
=UNO  \\$aY

