=LDR  04659cas a2201117 a 4500
=001  016491631
=003  Uk
=005  20230426111049.0
=006  m\\\\\o\\d\\\\\\\\
=007  cr\un|||||||||
=008  050614c19649999xxuqr\pso\\\\\0\\\a0eng\d
=015  \\$aGBB437149$2bnb
=022  0\$a2053-7395$202
=035  \\$a(OCoLC)60626953$z(OCoLC)41157001
=037  \\$ajmt$bOxford University Press
=037  3\$aISSN_00222917$bPortico$nOxford University Press
=040  \\$aOCLCS$beng$cOCLCS$dOCLCQ$dOCLCF$dNUI$dUk
=042  \\$aukblsr$aissnuk
=050  \4$aML1$b.J685
=060  \4$aW1$bJO776
=082  04$a615.8515405$223
=130  0\$aJournal of music therapy (Online)
=222  \0$aJournal of music therapy$b(Online)
=245  10$aJournal of music therapy$h[electronic resource].
=264  \1$a[Silver Spring, Md., etc.] :$bNational Association for Music Therapy
=264  21$aSilver Spring, MD :$bAmerican Music Therapy Association
=264  31$32014-$aCary :$bOxford University Press
=310  \\$aQuarterly
=336  \\$atext$2rdacontent
=337  \\$acomputer$2rdamedia
=338  \\$aonline resource$2rdacarrier
=362  1\$aPrint began with v. 1 in Mar. 1964.
=530  \\$aAlso issued in print.
=538  \\$aMode of access: World Wide Web.
=540  \\$aCurrent Copyright Fee: GBP33.00$c29\0$5Uk
=588  \\$aDescription based on print version record.
=588  \\$aLatest issue consulted: volume 51, number 1 (spring 2014) (Oxford Journals, viewed July 4, 2014).
=650  \0$aMusic therapy$vPeriodicals.
=710  2\$aNational Association for Music Therapy.
=710  2\$aAmerican Music Therapy Association.
=776  1\$tJournal of music therapy$x0022-2917
=780  00$tBulletin of NAMT
=852  41$aBritish Library$bHMNTS$jELD Digital store$3Volume 51:Number 1(2014:Spring)-
=856  \\$31850-9999$uhttp://ukcatalogue.oup.com/$xBLDSS
=856  4\$uhttp://otto.cmr.fsu.edu/memt/jmt/$zLink no longer valid
=856  40$uhttp://jmt.oxfordjournals.org
=859  \\$aELD$bejournal
=859  \\$aXLD$bejournal$cSFX
=945  \\$aJournal of music therapy.
=959  \\$fCurrently available
=979  \\$aBritish Library$cDSC$j5021.160000
=ACF  \\$aPrevious copyright fee: GBP20.00$c29\0$e01-jan-2014$fGBP20.00$g0$hP$5Uk
=ACF  \\$aPrevious copyright fee: GBP23.00$c29\0$e01-jan-2015$fGBP23.00$g0$hP$5Uk
=ACF  \\$aPrevious copyright fee: GBP24.00$c29\0$e01-jan-2016$fGBP24.00$g0$hP$5Uk
=ACF  \\$aPrevious copyright fee: GBP26.00$c29\0$e01-jan-2017$fGBP26.00$g0$hP$5Uk
=ACF  \\$aPrevious copyright fee: GBP27.00$c29\0$e01-jan-2018$fGBP27.00$g0$hP$5Uk
=ACF  \\$aPrevious copyright fee: GBP28.00$c29\0$e01-jan-2019$fGBP28.00$g0$hP$5Uk
=ACF  \\$aPrevious Copyright Fee: GBP20.00$c29\0$e01-jan-2020$fGBP20.00$g0$hP$5Uk
=CAT  \\$a11315$b40$c20130906$lBLL01$h0837
=CAT  \\$aBATCH-UPD$b00$c20151119$lBLL01$h1552
=CAT  \\$aIPL-CLA$c20151231$lBLL01$h1935
=CAT  \\$aBATCH-UPD$b00$c20160413$lBLL01$h1826
=CAT  \\$aBATCH-UPD$b00$c20160524$lBLL01$h2215
=CAT  \\$aBATCH-UPD$b00$c20160525$lBLL01$h0057
=CAT  \\$a5552$b40$c20161116$lBLL01$h1218
=CAT  \\$aBATCH-UPD$b40$c20161122$lBLL01$h1522
=CAT  \\$aIPL-CLA$c20161231$lBLL01$h0013
=CAT  \\$a5552$b40$c20170418$lBLL01$h0849
=CAT  \\$aBATCH-UPD$b40$c20171121$lBLL01$h1705
=CAT  \\$aW1711-1005$c20171206$lBLL01$h1825
=CAT  \\$aIPL-CLA$c20171231$lBLL01$h1820
=CAT  \\$aBATCH-UPD$b00$c20181217$lBLL01$h1653
=CAT  \\$aIPL-CLA$c20181231$lBLL01$h1553
=CAT  \\$aW1910-0530$c20191007$lBLL01$h1114
=CAT  \\$aR1911-1518$c20191206$lBLL01$h1419
=CAT  \\$aIPL-CLA$c20191231$lBLL01$h2035
=CAT  \\$aBATCH-UPD$b00$c20220308$lBLL01$h1736
=CAT  \\$aIPL-CLA$c20220331$lBLL01$h1952
=CAT  \\$a12654$b40$c20230223$lBLL01$h0830
=CAT  \\$aS2302-1302$c20230322$lBLL01$h1708
=CAT  \\$aS2302-1302$c20230323$lBLL01$h1443
=CAT  \\$aIPL-CLA$c20230331$lBLL01$h1547
=CAT  \\$aS2304-0519$c20230412$lBLL01$h1140
=CAT  \\$aBATCH-SUPP$c20230426$lBLL01$h1110
=CFI  0\$aCurrent Copyright Fee: GBP33.00$c29\0$e01-apr-2023$fGBP33.00$g0$hP$5Uk
=CFI  2\$aPrevious copyright fee: GBP22.00$c29\0$e01-apr-2022$fGBP22.00$g0$hP$5Uk
=FFP  \\$aY$bBLDSS-3PM
=FIN  \\$aY$d20140408
=FMT  \\$a  SE
=LAS  \\$aBATCH-SUPP$b00$c20230426$lBLL01$h1110
=LET  \0$aJournal of music therapy (Electronic)
=LKR  \\$aPAR$b010490945$lBLL01$nJournal of music therapy (Print)$mJournal of music therapy (Online)$r776
=MNI  \\$a0022-2917
=SID  \\$aZ39$bOCLC
=TOC  \\$aETOC
=UNO  \\$aY

