=LDR  04050cas a2200985 i 4500
=001  016526391
=003  Uk
=005  20230426111050.0
=006  m\\\\\\\\d\|\\\\\\
=007  cr||||||||||||
=008  131023c20149999xxuqr\p\o\\\\\0\\\a0eng\\
=015  \\$aGBB449381$2bnb
=022  0\$a2054-2585$202
=037  \\$anop$bOxford University Press
=037  3\$aISSN_20542577$bPortico$nOxford University Press
=040  \\$aUk$beng$cUk$erda
=042  \\$aissnuk$aukblsr
=082  04$a616.99481005$223
=210  0\$aNeuro-oncol. pract.$b(Online)
=222  \0$aNeuro-oncology practice$b(Online)
=245  00$aNeuro-oncology practice.
=264  \1$aCary, NC :$bPublished by Oxford University Press on behalf of the Society for Neuro-Oncology,$c2014-
=310  \\$aQuarterly
=336  \\$atext$2rdacontent
=337  \\$acomputer$2rdamedia
=338  \\$aonline resource$2rdacarrier
=362  0\$aVolume 1, issue 1 (March 2014)-
=500  \\$aTitle from PDF cover (Oxford Journals, viewed May 7, 2014).
=540  \\$aCurrent Copyright Fee: GBP32.00$c29\0$5Uk
=650  \0$aBrain$xTumors$vPeriodicals.
=650  \0$aBrain$xCancer$vPeriodicals.
=650  \0$aNervous system$xCancer$vPeriodicals.
=710  2\$aSociety for Neuro-Oncology,$eissuing body.
=776  08$iAlso issued in print as:$tNeuro-oncology practice$x2054-2577
=852  41$aBritish Library$bHMNTS$jELD Digital store$3Volume 1:Number 1(2014)-
=856  \\$31850-9999$uhttp://www.oxfordjournals.org/en/$xBLDSS
=856  40$uhttp://nop.oxfordjournals.org/
=859  \\$aELD$bejournal
=859  \\$aXLD$bejournal$cSFX
=945  \\$aNeuro oncology practice.
=959  \\$fCurrently available
=979  \\$aBritish Library$bDSC$j6081.288500N
=ACF  \\$aBritish Library not licensed to copy$c0$e01-jul-2014$hC$iCFP Excluded$5Uk
=ACF  \\$aPrevious copyright fee: GBP23.00$c29\0$e01-jan-2015$fGBP23.00$g0$hP$5Uk
=ACF  \\$aPrevious copyright fee: GBP24.00$c29\0$e01-jan-2016$fGBP24.00$g0$hP$5Uk
=ACF  \\$aPrevious copyright fee: GBP26.00$c29\0$e01-jan-2017$fGBP26.00$g0$hP$5Uk
=ACF  \\$aPrevious copyright fee: GBP27.00$c29\0$e01-jan-2018$fGBP27.00$g0$hP$5Uk
=ACF  \\$aPrevious copyright fee: GBP28.00$c29\0$e01-jan-2019$fGBP28.00$g0$hP$5Uk
=ACF  \\$aPrevious Copyright Fee: GBP20.00$c29\0$e01-jan-2020$fGBP20.00$g0$hP$5Uk
=CAT  \\$a11313$b40$c20131023$lBLL01$h1458
=CAT  \\$aBATCH-UPD$b00$c20160413$lBLL01$h1827
=CAT  \\$aBATCH-UPD$b00$c20160524$lBLL01$h2215
=CAT  \\$aBATCH-UPD$b00$c20160525$lBLL01$h0057
=CAT  \\$a5552$b40$c20161117$lBLL01$h0907
=CAT  \\$aBATCH-UPD$b40$c20161122$lBLL01$h1522
=CAT  \\$aIPL-CLA$c20161231$lBLL01$h0014
=CAT  \\$a5410$b40$c20171109$lBLL01$h0918
=CAT  \\$aBATCH-UPD$b40$c20171121$lBLL01$h1705
=CAT  \\$aW1711-1005$c20171206$lBLL01$h1825
=CAT  \\$aIPL-CLA$c20171231$lBLL01$h1821
=CAT  \\$aBATCH-UPD$b00$c20181217$lBLL01$h1653
=CAT  \\$aIPL-CLA$c20181231$lBLL01$h1553
=CAT  \\$aW1910-0530$c20191007$lBLL01$h1114
=CAT  \\$a5410$b40$c20191122$lBLL01$h1324
=CAT  \\$aR1911-1518$c20191206$lBLL01$h1418
=CAT  \\$aIPL-CLA$c20191231$lBLL01$h2036
=CAT  \\$aBATCH-UPD$b00$c20220308$lBLL01$h1736
=CAT  \\$a10973$b40$c20220310$lBLL01$h1407
=CAT  \\$aIPL-CLA$c20220331$lBLL01$h1952
=CAT  \\$a12654$b40$c20230228$lBLL01$h1153
=CAT  \\$aS2302-1302$c20230322$lBLL01$h1708
=CAT  \\$aS2302-1302$c20230323$lBLL01$h1444
=CAT  \\$aIPL-CLA$c20230331$lBLL01$h1547
=CAT  \\$aS2304-0519$c20230412$lBLL01$h1140
=CAT  \\$aBATCH-SUPP$c20230426$lBLL01$h1110
=CFI  0\$aCurrent Copyright Fee: GBP32.00$c29\0$e01-apr-2023$fGBP32.00$g0$hP$5Uk
=CFI  2\$aPrevious copyright fee: GBP22.00$c29\0$e01-apr-2022$fGBP22.00$g0$hP$5Uk
=FFP  \\$aY$bBLDSS-3PM
=FIN  \\$aY$d20140508
=FMT  \\$a  SE
=LAS  \\$aBATCH-SUPP$b00$c20230426$lBLL01$h1110
=LET  \0$aNeuro-oncology practice (Electronic)
=MNI  \\$a2054-2577
=TOC  \\$aETOC
=UNO  \\$aY

