=LDR  04305cas a2201033 i 4500
=001  016548716
=003  Uk
=005  20230426111051.0
=006  m\\\\\\\\d\|\\\\\\
=007  cr||||||||||||
=008  131120c20159999enkqr\p\o\\\\\0\\\a0eng\\
=015  \\$aGBB535501$2bnb
=022  0\$a2054-4650$202
=037  \\$aworkar$bOxford University Press
=037  3\$aISSN_20544642$bPortico$nOxford University Press
=040  \\$aUk$beng$cUk$erda
=042  \\$aissnuk$aukblsr
=082  04$a331.398$223
=222  \0$aWork, aging and retirement$b(Online)
=245  00$aWork, aging and retirement.
=264  \1$aOxford :$bOxford University Press,$c2015-
=310  \\$aQuarterly
=336  \\$atext$2rdacontent
=337  \\$acomputer$2rdamedia
=338  \\$aonline resource$2rdacarrier
=362  0\$aVolume 1, issue 1 (01 January 2015)-
=500  \\$aTitle from journal home page (Oxford University Press Journals, viewed March 12, 2015).
=540  \\$aCurrent Copyright Fee: GBP42.00$c29\0$5Uk
=550  \\$a"Published in association with Lingnan (University) College."
=650  \0$aOlder people$xEmployment$vPeriodicals.
=650  \0$aOlder people$xEmployment$xHealth aspects$vPeriodicals.
=650  \0$aAge and employment$vPeriodicals.
=650  \0$aPost-retirement employment$vPeriodicals.
=650  \0$aRetirement$xPsychological aspects$vPeriodicals.
=650  \0$aRetirement$xEconomic aspects$vPeriodicals.
=650  \0$aRetirees$xHealth and hygiene$vPeriodicals.
=690  7\$aManagement and Business Studies$2blcoll
=690  7\$aSocial Welfare$2blcoll
=710  2\$aZhongshan da xue (Guangzhou, China).$bLing nan (da xue) xue yuan.
=852  41$aBritish Library$bHMNTS$jELD Digital store$3Volume 1:Issue 3(2015)-***Previous issues available in print copy
=856  \\$31850-9999$uhttp://www.oxfordjournals.org/en/$xBLDSS
=856  40$uhttp://workar.oxfordjournals.org/
=859  \\$aELD$bejournal
=859  \\$aXLD$bejournal$cSFX
=945  \\$aWork aging and retirement
=959  \\$fCurrently available
=979  \\$aBritish Library$cDSC$j9348.048500N
=985  \\$aPlease add 776 & LKR on completion of print version.
=ACF  \\$aPrevious copyright fee: zero$c29\0$e01-jan-2015$fGBP0.00$g0$hP$5Uk
=ACF  \\$aPrevious copyright fee: GBP26.00$c29\0$e24-jan-2017$fGBP26.00$g0$hP$5Uk
=ACF  \\$aPrevious copyright fee: GBP27.00$c29\0$e01-jan-2018$fGBP27.00$g0$hP$5Uk
=ACF  \\$aPrevious copyright fee: GBP28.00$c29\0$e01-jan-2019$fGBP28.00$g0$hP$5Uk
=ACF  \\$aPrevious Copyright Fee: GBP29.00$c29\0$e01-jan-2020$fGBP29.00$g0$hP$5Uk
=CAT  \\$a10973$b40$c20131120$lBLL01$h1035
=CAT  \\$aBATCH-UPD$b40$c20160413$lBLL01$h1827
=CAT  \\$aBATCH-UPD$b40$c20160524$lBLL01$h2215
=CAT  \\$aBATCH-UPD$b40$c20160525$lBLL01$h0057
=CAT  \\$a5410$b40$c20161230$lBLL01$h0842
=CAT  \\$a5552$b40$c20170124$lBLL01$h1123
=CAT  \\$aBATCH-UPD$b40$c20171121$lBLL01$h1705
=CAT  \\$aW1711-1005$c20171206$lBLL01$h1826
=CAT  \\$aIPL-CLA$c20171231$lBLL01$h1821
=CAT  \\$a8874$b40$c20180216$lBLL01$h1124
=CAT  \\$aBATCH-UPD$b40$c20181217$lBLL01$h1653
=CAT  \\$aIPL-CLA$c20181231$lBLL01$h1553
=CAT  \\$a8871$b40$c20190130$lBLL01$h1538
=CAT  \\$aW1910-0530$c20191007$lBLL01$h1114
=CAT  \\$a5410$b40$c20191205$lBLL01$h1358
=CAT  \\$aR1911-1518$c20191206$lBLL01$h1405
=CAT  \\$aIPL-CLA$c20191231$lBLL01$h2036
=CAT  \\$aBATCH-UPD$b00$c20220308$lBLL01$h1728
=CAT  \\$aIPL-CLA$c20220331$lBLL01$h1952
=CAT  \\$a12654$b40$c20230307$lBLL01$h1417
=CAT  \\$aS2302-1302$c20230322$lBLL01$h1707
=CAT  \\$aS2302-1302$c20230322$lBLL01$h1708
=CAT  \\$aS2302-1302$c20230323$lBLL01$h1444
=CAT  \\$aIPL-CLA$c20230331$lBLL01$h1547
=CAT  \\$aS2304-0519$c20230412$lBLL01$h1140
=CAT  \\$aBATCH-SUPP$c20230426$lBLL01$h1110
=CFI  0\$aCurrent Copyright Fee: GBP42.00$c29\0$e01-apr-2023$fGBP42.00$g0$hP$5Uk
=CFI  2\$aPrevious copyright fee: GBP32.00$c29\0$e01-apr-2022$fGBP32.00$g0$hP$5Uk
=FFP  \\$aY$bBLDSS-3PM
=FIN  \\$aY$d20150312
=FMT  \\$a  SE
=LAS  \\$aBATCH-SUPP$b00$c20230426$lBLL01$h1110
=LET  \0$aWork, aging and retirement (Electronic)
=MNI  \\$a2054-4642
=TOC  \\$aETOC
=UNO  \\$aY

