=LDR  04409cas a2201057 a 4500
=001  016553794
=003  Uk
=005  20230426111052.0
=006  m\\\\\\\\d\\\\\\\\
=007  cr\|n|||||||||
=008  100916c20109999enkfx\p\o\g\\\0\\\a0eng\d
=010  \\$a2011247005
=015  \\$aGBB420173$2bnb
=016  \\$a015981072
=022  \\$a2219-7125$y2219-7117
=035  \\$a(OCoLC)858835893
=037  \\$ajrls$bOxford University Press
=037  3\$aISSN_22197125$bPortico$nOxford University Press
=040  \\$aVT2$beng$cVT2$dOCLCO$dUk
=042  \\$aukblsr
=043  \\$aa-is---
=082  04$a340.05$223
=130  0\$aJerusalem review of legal studies (Online)
=222  \0$aJerusalem review of legal studies$b(Online)
=245  10$aJerusalem review of legal studies$h[electronic resource].
=246  3\$aJRLS
=246  3\$aJ.R.L.S.
=260  \\$aJerusalem :$bHebrew University of Jerusalem, Faculty of Law,$cc2010-
=264  31$3June 2012-$a[Oxford] :$bOxford University Press
=310  \\$aTwo issues yearly
=336  \\$atext$2rdacontent
=337  \\$acomputer$2rdamedia
=338  \\$aonline resource$2rdacarrier
=362  0\$aVol. 1 (July 2010)-
=540  \\$aCurrent Copyright Fee: GBP33.00$c29\0$5Uk
=588  \\$aDescription based on: Vol. 1 (July 2010); title from t.p.
=588  \\$aLatest issue consulted: volume 8, issue 1 (December 2013) (Oxford Journals, viewed February 17, 2014).
=650  \0$aLaw reviews$zIsrael.
=710  2\$aUniversiṭah ha-ʿIvrit bi-Yerushalayim.$bFaḳulṭah le-mishpaṭim.
=776  08$iAlso issued in print as:$tJerusalem review of legal studies$x2219-7117
=852  41$aBritish Library$bHMNTS$jELD Digital store$3Volume 10:Number 1(2014)-
=856  \\$31850-9999$uhttp://www.oxfordjournals.org/$xBLDSS
=856  40$ahttp://jrls.oxfordjournals.org/
=856  40$uhttp://law.huji.ac.il/eng/pirsumim.asp?cat=2062&in=1957
=859  \\$aELD$bejournal
=859  \\$aXLD$bejournal$cSFX
=945  \\$aJerusalem review of legal studies.
=959  \\$fCurrently available
=979  \\$aBritish Library$bDSC$j4667.516250N
=ACF  \\$aPrevious Copyright Fee: GBP16.00$c0$e01-apr-2014$fGBP16.00$g0$hC$5Uk
=ACF  \\$aPrevious copyright fee: GBP24.00$c29\0$e15-nov-2016$fGBP24.00$g0$hP$5Uk
=ACF  \\$aPrevious copyright fee: GBP26.00$c29\0$e01-jan-2017$fGBP26.00$g0$hP$5Uk
=ACF  \\$aPrevious copyright fee: GBP27.00$c29\0$e01-jan-2018$fGBP27.00$g0$hP$5Uk
=ACF  \\$aPrevious copyright fee: GBP28.00$c29\0$e01-jan-2019$fGBP28.00$g0$hP$5Uk
=ACF  \\$aPrevious Copyright Fee: GBP20.00$c29\0$e01-jan-2020$fGBP20.00$g0$hP$5Uk
=CAT  \\$a10902$b40$c20131129$lBLL01$h0842
=CAT  \\$aIPL-CLA$c20140331$lBLL01$h1643
=CAT  \\$a11317$b40$c20141104$lBLL01$h1029
=CAT  \\$aBATCH-016$c20160608$lBLL01$h1431
=CAT  \\$a5552$b40$c20161115$lBLL01$h1359
=CAT  \\$a5552$b40$c20161115$lBLL01$h1402
=CAT  \\$aBATCH-UPD$b40$c20161122$lBLL01$h1522
=CAT  \\$aBLDSS-3PM$b00$c20161123$lBLL01$h1724
=CAT  \\$aBATCH-UPD$b00$c20161123$lBLL01$h1810
=CAT  \\$aIPL-CLA$c20161231$lBLL01$h0014
=CAT  \\$aBATCH-UPD$b00$c20171121$lBLL01$h1705
=CAT  \\$aW1711-1005$c20171206$lBLL01$h1826
=CAT  \\$aIPL-CLA$c20171231$lBLL01$h1821
=CAT  \\$aBATCH-UPD$b00$c20181217$lBLL01$h1653
=CAT  \\$aIPL-CLA$c20181231$lBLL01$h1553
=CAT  \\$aW1910-0530$c20191007$lBLL01$h1114
=CAT  \\$aR1911-1518$c20191206$lBLL01$h1418
=CAT  \\$aIPL-CLA$c20191231$lBLL01$h2036
=CAT  \\$aBATCH-UPD$b00$c20220308$lBLL01$h1736
=CAT  \\$aIPL-CLA$c20220331$lBLL01$h1952
=CAT  \\$a12654$b40$c20230221$lBLL01$h1336
=CAT  \\$aS2302-1302$c20230322$lBLL01$h1708
=CAT  \\$aS2302-1302$c20230323$lBLL01$h1443
=CAT  \\$aIPL-CLA$c20230331$lBLL01$h1547
=CAT  \\$aS2304-0519$c20230412$lBLL01$h1141
=CAT  \\$aBATCH-SUPP$c20230426$lBLL01$h1110
=CFI  0\$aCurrent Copyright Fee: GBP33.00$c29\0$e01-apr-2023$fGBP33.00$g0$hP$5Uk
=CFI  2\$aPrevious copyright fee: GBP22.00$c29\0$e01-apr-2022$fGBP22.00$g0$hP$5Uk
=FFP  \\$aY$bBLDSS-3PM
=FIN  \\$aY$d20140219
=FMT  \\$a  SE
=LAS  \\$aBATCH-SUPP$b00$c20230426$lBLL01$h1110
=LKR  \\$aPAR$b015981072$lBLL01$nJerusalem review of legal studies (Print)$mJerusalem review of legal studies (Online)$r776
=MNI  \\$a2219-7117
=SID  \\$aZ39$bOCLC
=UNO  \\$aY

