=LDR  04588cas a2201033 a 4500
=001  016588141
=003  Uk
=005  20230815151447.0
=006  m\\\\\o\\d\\\\\\\\
=007  cr\|||||||||||
=008  000106c19979999ncubr\pso\\\\\0\\\a0eng\c
=010  \\$a  2001229241
=015  \\$aGBB407712$2bnb
=022  \\$a1435-8115$202
=035  \\$a(OCoLC)43185372
=037  \\$aBL_14319276$bPortico$nCambridge University Press
=037  3\$aISSN_14319276_4$bPortico$nOxford University Press
=040  \\$aViBlbV$beng$cViBlbV$dFU$dOCoLC$dCPT$dGU$dOCoLC$dOCLCF$dMCM$dUk
=042  \\$aukblsr$aissnuk
=050  \4$aQH201$b.J74
=082  04$a502.82$223
=130  0\$aMicroscopy and microanalysis (Online)
=210  0\$aMicrosc. microanal.$b(Internet)
=222  \0$aMicroscopy and microanalysis$b(Internet)
=245  10$aMicroscopy and microanalysis$h[electronic resource].
=260  \\$aNew York :$bSpringer-Verlag New York,$cc1997-
=260  2\$3<2002>-2022:$a[Cambridge] :$bCambridge University Press
=264  31$32023-$a[Cary, North Carolina?] :$bPublished by Oxford University Press on behalf of the Microscopy Society of America
=310  \\$aBimonthly
=336  \\$atext$2rdacontent
=337  \\$acomputer$2rdamedia
=338  \\$aonline resource$2rdacarrier
=362  0\$aVol. 3, no. 1 (1997)-
=525  \\$aSupplements accompany some vols.
=538  \\$aMode of access: World Wide Web.
=540  \\$aCurrent Copyright Fee: GBP29.00$c29\0$5Uk
=550  \\$aThe official journal of Microscopy Society of America, Microbeam Analysis Society, Microscopical Society of Canada/Société de microscopie du Canada, and other similar bodies.
=588  \\$aDescription based on: Volume 3, Issue 01 (January 1997); title from journal home page (Cambridge Journals, viewed Jan. 13, 2014).
=588  \\$aLatest issue consulted: volume 29, issue 1 (February 2023) (Oxford Academic, viewed March 8, 2023).
=650  \0$aMicroscopy$vPeriodicals.
=650  \0$aMicrochemistry$vPeriodicals.
=710  2\$aMicroscopy Society of America.
=710  2\$aMicrobeam Analysis Society.
=710  2\$aMicroscopical Society of Canada.
=776  08$iPrint version:$tMicroscopy and microanalysis$x1431-9276
=780  00$tJMSA
=852  41$aBritish Library$bHMNTS$jELD Digital store$3Volume 20:Number 1(2014:Feb.)-
=856  \\$31850-9999$uhttp://www.oxfordjournals.org/$xBLDSS
=856  4\$uhttp://firstsearch.oclc.org$zAddress for accessing the journal using authorization number and password through OCLC FirstSearch Electronic Collections Online
=856  40$uhttp://journals.cambridge.org/action/displayJournal?jid=MAM
=856  40$uhttp://link.springer.de/link/service/journals/10005/index.htm$zLink no longer valid as of Jan. 13, 2014
=856  40$uhttps://academic.oup.com/mam
=859  \\$aELD$bejournal
=859  \\$aXLD$bejournal$cSFX
=959  \\$fCurrently available
=985  \\$aISSN responsibility transferred from ISSN Germany to ISSN UK, August 17 2018.
=CAT  \\$a10983$b40$c20131223$lBLL01$h1103
=CAT  \\$a11316$b40$c20140121$lBLL01$h1344
=CAT  \\$a11316$b40$c20140121$lBLL01$h1348
=CAT  \\$a14112$b40$c20140212$lBLL01$h1708
=CAT  \\$aBATCH-CLA$b00$c20140228$lBLL01$h1619
=CAT  \\$aIPL-CLA$c20140331$lBLL01$h1643
=CAT  \\$aWR14_097$c20140704$lBLL01$h1704
=CAT  \\$aW1711-1005$c20171206$lBLL01$h1826
=CAT  \\$a6811$b40$c20180222$lBLL01$h1500
=CAT  \\$a11313$b40$c20180817$lBLL01$h1749
=CAT  \\$a10973$b40$c20230308$lBLL01$h1329
=CAT  \\$a10973$b40$c20230308$lBLL01$h1340
=CAT  \\$a10973$b40$c20230308$lBLL01$h1543
=CAT  \\$a10983$b40$c20230621$lBLL01$h1520
=CAT  \\$a12654$b40$c20230707$lBLL01$h0729
=CAT  \\$a8055$b40$c20230707$lBLL01$h1617
=CAT  \\$a5410$b40$c20230708$lBLL01$h1002
=CAT  \\$aBLDSS-3PM$b00$c20230710$lBLL01$h1200
=CAT  \\$aBATCH-UPD$b00$c20230710$lBLL01$h1201
=CAT  \\$aBATCH-UNOA$c20230712$lBLL01$h0011
=CAT  \\$a8055$b40$c20230815$lBLL01$h1514
=CFI  0\$aCurrent Copyright Fee: GBP29.00$c29\0$e07-jul-2023$fGBP29.00$g0$hP$5Uk
=CFI  2\$aPrevious Copyright Fee: GBP15.00$c0$e01-apr-2014$fGBP15.00$g0$hC$5Uk
=FFP  \\$aY$bBLDSS-3PM
=FIN  \\$aY$d20140121
=FMT  \\$a  SE
=LAS  \\$a8055$b40$c20230815$lBLL01$h1514
=LET  \0$aMicroscopy and microanalysis (Electronic)
=LKR  \\$aPAR$b011761706$lBLL01$nMicroscopy and microanalysis (Print)$mMicroscopy and microanalysis (Online)$r776
=MNI  \\$a1431-9276
=SRC  \\$aBLL02
=TOC  \\$aETOC
=UNO  \\$aY

