=LDR  03725cas a2200901 i 4500
=001  016713018
=003  Uk
=005  20230426111057.0
=006  m\\\\\\\\d\|\\\\\\
=007  cr||||||||||||
=008  140513c20159999enkqr\p\o\\\\\0\\\a0eng\\
=015  \\$aGBB538574$2bnb
=022  0\$a2055-6845$202
=037  \\$aehjcvp$bOxford University Press
=037  3\$aISSN_20556837$bPortico$nOxford University Press
=040  \\$aUk$beng$cUk$erda
=042  \\$aissnuk$aukblsr
=082  04$a615.71$223
=222  \0$aEuropean heart journal. Cardiovascular pharmacotherapy$b(Online)
=245  00$aEuropean heart journal.$pCardiovascular pharmacotherapy.
=246  30$aCardiovascular pharmacotherapy
=264  \1$aOxford :$bOxford University Press,$c2015-
=310  \\$aQuarterly
=336  \\$atext$2rdacontent
=337  \\$acomputer$2rdamedia
=338  \\$aonline resource$2rdacarrier
=362  0\$aVolume 1, issue 1 (January 2015)-
=500  \\$aTitle from journal homepage (Oxford Journals, viewed March 24, 2015).
=540  \\$aCurrent Copyright Fee: GBP42.00$c29\0$5Uk
=588  \\$aLatest issue consulted: volume 1, issue 2 (April 2015) (Oxford Journals, viewed March 24, 2015).
=650  \0$aCardiovascular pharmacology$vPeriodicals.
=776  0\$iAlso issued in print:$tEuropean heart journal. Cardiovascular pharmacotherapy$x2055-6837
=852  41$aBritish Library$bSTI$jELD Digital store$3Volume 1:Issue 1(2015:Jan.)-***Previous issues available in print copy
=856  4\$uhttp://ehjcvp.oxfordjournals.org/content/
=856  \\$31850-9999$uhttp://www.oxfordjournals.org/en/$xBLDSS
=859  \\$aXLD$bejournal$cSFX
=859  \\$aELD$bejournal
=945  \\$aEuropean heart journal cardiovascular pharmacotherapy.
=959  \\$fCurrently available
=979  \\$aBritish Library$bDSC$j3829.717507N
=ACF  \\$aPrevious copyright fee: zero$c29\0$e01-jan-2015$fGBP0.00$g0$hP$5Uk
=ACF  \\$aPrevious Copyright Fee: GBP29.00$c29\0$e01-jan-2020$fGBP29.00$g0$hP$5Uk
=CAT  \\$a10973$b40$c20140513$lBLL01$h1149
=CAT  \\$a5110$b40$c20150324$lBLL01$h1322
=CAT  \\$a14112$b40$c20150409$lBLL01$h1614
=CAT  \\$aBATCH-UPD$b40$c20160413$lBLL01$h1828
=CAT  \\$aBATCH-UPD$b40$c20160524$lBLL01$h2215
=CAT  \\$aBATCH-UPD$b40$c20160525$lBLL01$h0058
=CAT  \\$a11313$b40$c20160922$lBLL01$h0757
=CAT  \\$a5552$b40$c20161111$lBLL01$h0839
=CAT  \\$a5410$b40$c20161230$lBLL01$h0921
=CAT  \\$aW1711-1005$c20171206$lBLL01$h1827
=CAT  \\$aW1910-0530$c20191007$lBLL01$h1114
=CAT  \\$a5410$b40$c20191101$lBLL01$h1426
=CAT  \\$a5410$b40$c20191101$lBLL01$h1428
=CAT  \\$aR1911-1518$c20191206$lBLL01$h1405
=CAT  \\$aIPL-CLA$c20191231$lBLL01$h2038
=CAT  \\$aBATCH-UPD$b00$c20220308$lBLL01$h1729
=CAT  \\$aIPL-CLA$c20220331$lBLL01$h1952
=CAT  \\$a12654$b40$c20230125$lBLL01$h1138
=CAT  \\$a12654$b40$c20230125$lBLL01$h1139
=CAT  \\$a12654$b40$c20230125$lBLL01$h1146
=CAT  \\$aS2302-1302$c20230322$lBLL01$h1707
=CAT  \\$aS2302-1302$c20230322$lBLL01$h1708
=CAT  \\$aS2302-1302$c20230323$lBLL01$h1443
=CAT  \\$aIPL-CLA$c20230331$lBLL01$h1547
=CAT  \\$aS2304-0519$c20230412$lBLL01$h1141
=CAT  \\$aBATCH-SUPP$c20230426$lBLL01$h1110
=CFI  0\$aCurrent Copyright Fee: GBP42.00$c29\0$e01-apr-2023$fGBP42.00$g0$hP$5Uk
=CFI  2\$aPrevious copyright fee: GBP32.00$c29\0$e01-apr-2022$fGBP32.00$g0$hP$5Uk
=FFP  \\$aY$bBLDSS-3PM
=FIN  \\$aY$d20150324
=FMT  \\$a  SE
=LAS  \\$aBATCH-SUPP$b00$c20230426$lBLL01$h1110
=LET  \0$aEuropean heart journal. Cardiovascular pharmacotherapy (Electronic)
=MNI  \\$a2055-6837
=TOC  \\$aETOC
=UNO  \\$aY

