=LDR  03911cas a2200949 i 4500
=001  016942964
=003  Uk
=005  20230426111106.0
=006  m\\\\\\\\d\|\\\\\\
=007  cr||||||||||||
=008  141113c20169999ncuqr\p\o\\\\\0\\\a0eng\\
=015  \\$aGBB698001$2bnb
=022  0\$a2057-3189$202
=037  \\$ajogss$bOxford University Press
=037  3\$aISSN_20573170$bPortico$nOxford University Press
=040  \\$aUk$beng$cUk$erda
=042  \\$aissnuk$aukblsr
=082  04$a327.1$223
=210  0\$aJ. glob. secur. stud.$b(Online)
=222  \0$aJournal of global security studies$b(Online)
=245  00$aJournal of global security studies.
=264  \1$a[Cary, North Carolina] :$bOxford University Press,$c2016-
=310  \\$aQuarterly
=336  \\$atext$2rdacontent
=337  \\$acomputer$2rdamedia
=338  \\$aonline resource$2rdacarrier
=362  0\$aVolume 1, issue 1 (1 February 2016)-
=500  \\$aTitle from editorial (PDF) (Oxford Journals, viewed July 14, 2016).
=540  \\$aCurrent Copyright Fee: GBP33.00$c29\0$5Uk
=550  \\$aPublished on behalf of International Studies Association.
=650  \0$aSecurity, International$vPeriodicals.
=650  \0$aInternational relations$vPeriodicals.
=710  2\$aInternational Studies Association,$eissuing body.
=852  41$aBritish Library$bHMNTS$jELD Digital store$3Volume 2:Issue 1(2017)-
=856  \\$31850-9999$uhttp://www.oxfordjournals.org/$xBLDSS
=856  40$uhttp://jogss.oxfordjournals.org/
=859  \\$aXLD$bejournal$cSFX
=859  \\$aELD$bejournal
=945  \\$aJournal of global security studies.
=959  \\$fCurrently available
=979  \\$aBritish Library$cDSC$j4996.323000N
=985  \\$aPlease add link to print version when completed (ISSN 2057-3170)
=ACF  \\$aPrevious copyright fee: GBP24.00$c29\0$e19-nov-2016$fGBP24.00$g0$hP$5Uk
=ACF  \\$aPrevious copyright fee: GBP26.00$c29\0$e01-jan-2017$fGBP26.00$g0$hP$5Uk
=ACF  \\$aPrevious copyright fee: GBP27.00$c29\0$e01-jan-2018$fGBP27.00$g0$hP$5Uk
=ACF  \\$aPrevious copyright fee: GBP28.00$c29\0$e01-jan-2019$fGBP28.00$g0$hP$5Uk
=ACF  \\$aPrevious Copyright Fee: GBP20.00$c29\0$e01-jan-2020$fGBP20.00$g0$hP$5Uk
=CAT  \\$a11316$b40$c20141113$lBLL01$h1521
=CAT  \\$a10806$b40$c20160714$lBLL01$h1147
=CAT  \\$a10806$b40$c20160714$lBLL01$h1401
=CAT  \\$a5552$b40$c20161116$lBLL01$h1059
=CAT  \\$aBATCH-UPD$b40$c20161122$lBLL01$h1522
=CAT  \\$aBLDSS-3PM$b00$c20161123$lBLL01$h1724
=CAT  \\$aBATCH-UPD$b00$c20161123$lBLL01$h1810
=CAT  \\$aIPL-CLA$c20161231$lBLL01$h0020
=CAT  \\$a10983$b40$c20170306$lBLL01$h1600
=CAT  \\$aBATCH-UPD$b40$c20171121$lBLL01$h1705
=CAT  \\$aW1711-1005$c20171205$lBLL01$h2213
=CAT  \\$aIPL-CLA$c20171231$lBLL01$h1827
=CAT  \\$aBATCH-UPD$b00$c20181217$lBLL01$h1653
=CAT  \\$aIPL-CLA$c20181231$lBLL01$h1554
=CAT  \\$aW1910-0530$c20191007$lBLL01$h1114
=CAT  \\$aR1911-1518$c20191206$lBLL01$h1418
=CAT  \\$aIPL-CLA$c20191231$lBLL01$h2040
=CAT  \\$aBATCH-UPD$b00$c20220308$lBLL01$h1736
=CAT  \\$aIPL-CLA$c20220331$lBLL01$h1953
=CAT  \\$a12654$b40$c20230222$lBLL01$h1206
=CAT  \\$aS2302-1302$c20230322$lBLL01$h1707
=CAT  \\$aS2302-1302$c20230322$lBLL01$h1708
=CAT  \\$aS2302-1302$c20230323$lBLL01$h1443
=CAT  \\$aIPL-CLA$c20230331$lBLL01$h1547
=CAT  \\$aS2304-0519$c20230412$lBLL01$h1141
=CAT  \\$aBATCH-SUPP$c20230426$lBLL01$h1111
=CFI  0\$aCurrent Copyright Fee: GBP33.00$c29\0$e01-apr-2023$fGBP33.00$g0$hP$5Uk
=CFI  2\$aPrevious copyright fee: GBP22.00$c29\0$e01-apr-2022$fGBP22.00$g0$hP$5Uk
=FFP  \\$aY$bBLDSS-3PM
=FIN  \\$aY$d20160714
=FMT  \\$a  SE
=LAS  \\$aBATCH-SUPP$b00$c20230426$lBLL01$h1111
=LET  \0$aJournal of global security studies (Electronic)
=MNI  \\$a2057-3170
=UNO  \\$aY

