=LDR  04565cas a2201033 i 4500
=001  017017117
=003  Uk
=005  20230426111110.0
=006  m\\\\\\\\d\|\\\\\\
=007  cr||||||||||||
=008  150127c20159999enkqr\p\o\\\\\0\\\a0eng\\
=015  \\$aGBB5G3589$2bnb
=022  0\$a2058-1742$202
=037  \\$aehjqcco$bOxford University Press
=037  3\$aISSN_20585225$bPortico$nOxford University Press
=040  \\$aUk$beng$cUk$erda
=042  \\$aissnuk$aukblsr
=082  04$a616.12005$223
=222  \0$aEuropean heart journal. Quality of care & clinical outcomes$b(Online)
=245  00$aEuropean heart journal.$pQuality of care & clinical outcomes.
=246  3\$aEuropean heart journal.$pQuality of care and clinical outcomes
=246  13$aEHJ.$pQuality of care and clinical outcomes
=246  30$aQuality of care & clinical outcomes
=264  \1$aOxford :$bOxford University Press,$c2015-
=310  \\$aQuarterly
=336  \\$atext$2rdacontent
=337  \\$acomputer$2rdamedia
=338  \\$aonline resource$2rdacarrier
=362  0\$aVolume 1, issue 1 (July 2015)-
=500  \\$aTitle from table of contents page (Oxford University Press Journals, viewed November 12, 2015).
=540  \\$aCurrent Copyright Fee: GBP32.00$c29\0$5Uk
=650  \0$aCardiovascular system$xDiseases$vPeriodicals.
=650  \0$aCardiovascular system$xDiseases$xPatients$xCare$vPeriodicals.
=650  \0$aHeart$xDiseases$vPeriodicals.
=650  \0$aHeart$xDiseases$xPatients$xCare$vPeriodicals.
=650  \0$aOutcome assessment (Medical care)$vPeriodicals.
=710  2\$aEuropean Society of Cardiology.
=710  2\$aEuropean Heart Health Institute.
=776  08$iAlso issued in print as:$tEuropean heart journal. Quality of care & clinical outcomes$x2058-5225
=852  41$aBritish Library$bSTI$jELD Digital store$3Volume 1:Issue 2(2015:Nov.)-
=856  \\$31850-9999$uhttp://www.oxfordjournals.org/$xBLDSS
=856  4\$uhttp://ehjqcco.oxfordjournals.org/
=859  \\$aELD$bejournal
=859  \\$aXLD$bejournal$cSFX
=945  \\$aEuropean heart journal Quality of care and clinical outcomes.
=959  \\$fCurrently available
=979  \\$aBritish Library$bDSC$j3829.717509N
=ACF  \\$aPrevious copyright fee: GBP24.00$c29\0$e11-nov-2016$fGBP24.00$g0$hP$5Uk
=ACF  \\$aPrevious copyright fee: GBP26.00$c29\0$e01-jan-2017$fGBP26.00$g0$hP$5Uk
=ACF  \\$aPrevious copyright fee: GBP27.00$c29\0$e01-jan-2018$fGBP27.00$g0$hP$5Uk
=ACF  \\$aPrevious copyright fee: GBP28.00$c29\0$e01-jan-2019$fGBP28.00$g0$hP$5Uk
=ACF  \\$aPrevious Copyright Fee: GBP20.00$c29\0$e01-jan-2020$fGBP20.00$g0$hP$5Uk
=CAT  \\$a8411$b40$c20150119$lBLL01$h1120
=CAT  \\$aBLDSS-3PM$b00$c20161115$lBLL01$h1529
=CAT  \\$aBATCH-UPD$b00$c20161115$lBLL01$h1530
=CAT  \\$aBATCH-UPD$b00$c20161122$lBLL01$h1522
=CAT  \\$aIPL-CLA$c20161231$lBLL01$h0021
=CAT  \\$a5410$b40$c20171106$lBLL01$h1116
=CAT  \\$a5410$b40$c20171114$lBLL01$h1544
=CAT  \\$aBATCH-UPD$b40$c20171121$lBLL01$h1705
=CAT  \\$aW1711-1005$c20171206$lBLL01$h1828
=CAT  \\$aIPL-CLA$c20171231$lBLL01$h1827
=CAT  \\$a5552$b40$c20180322$lBLL01$h1144
=CAT  \\$aBATCH-UPD$b40$c20181217$lBLL01$h1653
=CAT  \\$aIPL-CLA$c20181231$lBLL01$h1554
=CAT  \\$aW1910-0530$c20191007$lBLL01$h1114
=CAT  \\$a5410$b40$c20191101$lBLL01$h1429
=CAT  \\$aR1911-1518$c20191206$lBLL01$h1418
=CAT  \\$aIPL-CLA$c20191231$lBLL01$h2040
=CAT  \\$aBATCH-UPD$b00$c20220308$lBLL01$h1736
=CAT  \\$aIPL-CLA$c20220331$lBLL01$h1953
=CAT  \\$a12654$b40$c20230125$lBLL01$h1219
=CAT  \\$aS2302-1302$c20230322$lBLL01$h1707
=CAT  \\$aS2302-1302$c20230322$lBLL01$h1708
=CAT  \\$aS2302-1302$c20230323$lBLL01$h1443
=CAT  \\$aIPL-CLA$c20230331$lBLL01$h1547
=CAT  \\$aS2304-0519$c20230412$lBLL01$h1141
=CAT  \\$aBATCH-SUPP$c20230426$lBLL01$h1111
=CFI  0\$aCurrent Copyright Fee: GBP32.00$c29\0$e01-apr-2023$fGBP32.00$g0$hP$5Uk
=CFI  2\$aPrevious copyright fee: GBP22.00$c29\0$e01-apr-2022$fGBP22.00$g0$hP$5Uk
=FFP  \\$aY$bBLDSS-3PM
=FIN  \\$aY$d20151110
=FMT  \\$a  SE
=LAS  \\$aBATCH-SUPP$b00$c20230426$lBLL01$h1111
=LET  \0$aEuropean heart journal. Quality of care & clinical outcomes (Electronic)
=LKR  \\$aPAR$b017078438$lBLL01$nEuropean heart journal. Quality of care & clinical outcomes (Print)$mEuropean heart journal. Quality of care & clinical outcomes (Online)$r776
=MNI  \\$a2058-5225
=TOC  \\$aETOC
=UNO  \\$aY

