=LDR  03769cas a2200937 i 4500
=001  017035166
=003  Uk
=005  20230426111111.0
=006  m\\\\\\\\d\|\\\\\\
=007  cr||||||||||||
=008  150202c20169999enkfr\p\o\\\\\0\\\a0eng\\
=015  \\$aGBB698007$2bnb
=022  0\$a2058-458X$202
=037  \\$aJOLE$bOxford University Press
=037  3\$aISSN_20584571$bPortico$nOxford University Press
=040  \\$aUk$beng$cUk$erda
=042  \\$aissnuk$aukblsr
=082  04$a417.705$223
=210  0\$aJ. lang. evol.$b(Online)
=222  \0$aJournal of language evolution$b(Online)
=245  00$aJournal of language evolution.
=264  \1$a[Oxford] :$bOxford University Press,$c2016-
=310  \\$aSemiannual
=336  \\$atext$2rdacontent
=337  \\$acomputer$2rdamedia
=338  \\$aonline resource$2rdacarrier
=362  0\$aVolume 1, issue 1 (1 January 2016)-
=500  \\$aTitle from journal homepage (Oxford Journals, viewed July 14, 2016).
=540  \\$aCurrent Copyright Fee: GBP32.00$c29\0$5Uk
=650  \0$aLinguistic change$vPeriodicals.
=650  \0$aHistorical linguistics$vPeriodicals.
=650  \0$aLinguistics$vPeriodicals.
=852  41$aBritish Library$bHMNTS$jELD Digital store$3Volume 1:Issue 1(2016)-
=856  \\$31850-9999$uhttp://www.oxfordjournals.org/$xBLDSS
=856  40$uhttp://jole.oxfordjournals.org/
=859  \\$aXLD$bejournal$cSFX
=859  \\$aELD$bejournal
=945  \\$aJournal of language evolution.
=959  \\$fCurrently available
=979  \\$aBritish Library$cDSC$j5010.097100N
=985  \\$aPlease add 776 link to print version when complete (ISSN 2058-4571)
=ACF  \\$aPrevious copyright fee: GBP24.00$c29\0$e19-nov-2016$fGBP24.00$g0$hP$5Uk
=ACF  \\$aPrevious copyright fee: GBP26.00$c29\0$e01-jan-2017$fGBP26.00$g0$hP$5Uk
=ACF  \\$aPrevious copyright fee: GBP27.00$c29\0$e01-jan-2018$fGBP27.00$g0$hP$5Uk
=ACF  \\$aPrevious copyright fee: GBP28.00$c29\0$e01-jan-2019$fGBP28.00$g0$hP$5Uk
=ACF  \\$aPrevious Copyright Fee: GBP20.00$c29\0$e01-jan-2020$fGBP20.00$g0$hP$5Uk
=CAT  \\$a10973$b40$c20150202$lBLL01$h1327
=CAT  \\$a10806$b40$c20160714$lBLL01$h1326
=CAT  \\$a10806$b40$c20160714$lBLL01$h1328
=CAT  \\$a10806$b40$c20160714$lBLL01$h1400
=CAT  \\$a5552$b40$c20161116$lBLL01$h1144
=CAT  \\$aBATCH-UPD$b40$c20161122$lBLL01$h1522
=CAT  \\$aBLDSS-3PM$b00$c20161123$lBLL01$h1724
=CAT  \\$aBATCH-UPD$b00$c20161123$lBLL01$h1810
=CAT  \\$aIPL-CLA$c20161231$lBLL01$h0022
=CAT  \\$aBATCH-UPD$b00$c20171121$lBLL01$h1705
=CAT  \\$aW1711-1005$c20171205$lBLL01$h2213
=CAT  \\$aIPL-CLA$c20171231$lBLL01$h1828
=CAT  \\$aBATCH-UPD$b00$c20181217$lBLL01$h1653
=CAT  \\$aIPL-CLA$c20181231$lBLL01$h1554
=CAT  \\$aW1910-0530$c20191007$lBLL01$h1114
=CAT  \\$aR1911-1518$c20191206$lBLL01$h1418
=CAT  \\$aIPL-CLA$c20191231$lBLL01$h2040
=CAT  \\$aBATCH-UPD$b00$c20220308$lBLL01$h1736
=CAT  \\$aIPL-CLA$c20220331$lBLL01$h1953
=CAT  \\$a12654$b40$c20230222$lBLL01$h1347
=CAT  \\$aS2302-1302$c20230322$lBLL01$h1707
=CAT  \\$aS2302-1302$c20230322$lBLL01$h1708
=CAT  \\$aS2302-1302$c20230323$lBLL01$h1443
=CAT  \\$aIPL-CLA$c20230331$lBLL01$h1547
=CAT  \\$aS2304-0519$c20230412$lBLL01$h1141
=CAT  \\$aBATCH-SUPP$c20230426$lBLL01$h1111
=CFI  0\$aCurrent Copyright Fee: GBP32.00$c29\0$e01-apr-2023$fGBP32.00$g0$hP$5Uk
=CFI  2\$aPrevious copyright fee: GBP22.00$c29\0$e01-apr-2022$fGBP22.00$g0$hP$5Uk
=FFP  \\$aY$bBLDSS-3PM
=FIN  \\$aY$d20160714
=FMT  \\$a  SE
=LAS  \\$aBATCH-SUPP$b00$c20230426$lBLL01$h1111
=LET  \0$aJournal of language evolution (Electronic)
=MNI  \\$a2058-4571
=UNO  \\$aY

