=LDR  04472cas a2201045 a 4500
=001  017369001
=003  Uk
=005  20230801121024.0
=006  m\\\\\o\\d\\\\\\\\
=007  cr\|||||||||||
=008  050920c20069999mdumr\pso\\\\\0\\\a0eng\c
=010  \\$a  2005214723
=015  \\$aGBB5H2278$2bnb
=016  7\$a2232494-X$2DE-600
=022  \\$a1558-2035$l1558-2027$y1558-2027
=035  \\$a(OCoLC)61671940
=037  \\$aISSN_15582027$bPortico$nLippincott Williams & Wilkins
=040  \\$aNSDP$beng$cNSDP$dPPiU$dNSDP$dOCoLC$dHEBIS$dOCoLC$dUk
=042  \\$aukblsr
=082  10$a616.1005$223
=130  0\$aJournal of cardiovascular medicine (Hagerstown, Md. : Online)
=210  0\$aJ. cardiovasc. med.$b(Hagerstown, Md. : Online)
=222  \0$aJournal of cardiovascular medicine$b(Hagerstown, Md. : Online)
=245  10$aJournal of cardiovascular medicine$h[electronic resource].
=260  \\$a[Hagerstown, MD] :$bLippincott Williams & Wilkins [for] Italian Federation of Cardiology,$cc2006-
=310  \\$aMonthly
=336  \\$atext$2rdacontent
=337  \\$acomputer$2rdamedia
=338  \\$aonline resource$2rdacarrier
=362  0\$aVol. 7 (1) (Jan. 2006)-
=500  \\$aTitle from issue table of contents (Ovid Web site, viewed Apr. 12, 2006).
=530  \\$aAlso issued in print.
=538  \\$aMode of access: World Wide Web.
=540  \\$aCurrent copyright fee: GBP32.00$c20\0$5Uk
=588  \\$aLatest issue consulted: Vol. 8 issue 3 (Mar. 2007) (LWW website, viewed Mar. 19, 2007).
=650  \0$aCardiology$vPeriodicals.
=650  \0$aCardiovascular system$xDiseases$vPeriodicals.
=650  12$aCardiology$vPeriodicals.
=650  12$aCardiovascular Diseases$vPeriodicals.
=710  2\$aFederazione italiana di cardiologia.
=776  1\$tJournal of cardiovascular medicine (Hagerstown, Md.)$x1558-2027
=780  00$tItalian heart journal (Online)
=852  41$aBritish Library$bHMNTS$jELD Digital store$3Volume 16:Issue 1(2015:Jan.)-***Previous issues available in print copy
=856  \\$31850-9999$uhttp://journals.lww.com/pages/default.aspx$xBLDSS
=856  40$uhttp://gateway.ovid.com/ovidweb.cgi?T=JS&MODE=ovid&PAGE=toc&D=ovft&AN=01244665-000000000-00000
=856  40$uhttp://www.jcardiovascularmedicine.com/pt/re/jcm/home.htm
=859  \\$aELD$bejournal
=859  \\$aXLD$bejournal$cSFX
=945  \\$aJournal of cardiovascular medicine -Lippincott Williams & Wilkins-
=959  \\$fCurrently available
=979  \\$aBritish Library$bDSC$j4954.867300
=985  \\$aRecord used for MARC report testing, so multiple record changes.
=CAT  \\$a6790$b40$c20150522$lBLL01$h0912
=CAT  \\$a6790$b40$c20150522$lBLL01$h1029
=CAT  \\$aBATCH-CLA$b00$c20150529$lBLL01$h1529
=CAT  \\$a3072$b40$c20150622$lBLL01$h1127
=CAT  \\$a3072$b40$c20150623$lBLL01$h1442
=CAT  \\$a3072$b40$c20150623$lBLL01$h1443
=CAT  \\$a3072$b40$c20150623$lBLL01$h1445
=CAT  \\$a3072$b40$c20150623$lBLL01$h1446
=CAT  \\$a3072$b40$c20150623$lBLL01$h1448
=CAT  \\$a3072$b40$c20150623$lBLL01$h1449
=CAT  \\$a3072$b40$c20150623$lBLL01$h1451
=CAT  \\$a3072$b40$c20150623$lBLL01$h1453
=CAT  \\$a3072$b40$c20150623$lBLL01$h1455
=CAT  \\$aIPL-CLA$c20150630$lBLL01$h1725
=CAT  \\$a11316$b40$c20151203$lBLL01$h1450
=CAT  \\$a5552$b40$c20160119$lBLL01$h1200
=CAT  \\$aBLDSS-3PM$b00$c20160201$lBLL01$h1812
=CAT  \\$aBATCH-UPD$b00$c20160217$lBLL01$h1713
=CAT  \\$aIPL-CLA$c20160331$lBLL01$h1819
=CAT  \\$aBATCH-UPD$b00$c20160413$lBLL01$h1829
=CAT  \\$aBATCH-UPD$b00$c20160524$lBLL01$h2200
=CAT  \\$aBATCH-UPD$b00$c20160524$lBLL01$h2307
=CAT  \\$a5552$b40$c20170424$lBLL01$h1438
=CAT  \\$aW1711-1005$c20171206$lBLL01$h1828
=CAT  \\$a12654$b40$c20210209$lBLL01$h0922
=CAT  \\$a12654$b40$c20230801$lBLL01$h1210
=CFI  0\$aCurrent copyright fee: GBP32.00$c20\0$e01-apr-2016$fGBP32.00$g0$hP$5Uk
=CFI  2\$aPrevious copyright fee: GBP30.32$c20\0$e19-jan-2016$fGBP30.32$g0$hP$5Uk
=FFP  \\$aY$bBLDSS-3PM
=FIN  \\$aY$d20150622
=FMT  \\$a  SE
=LAS  \\$a12654$b40$c20230801$lBLL01$h1210
=LET  \0$aJournal of cardiovascular medicine (Electronic)
=LKR  \\$aPAR$b013453802$lBLL01$r776$mJournal of cardiovascular medicine (Hagerstown, Md. : Online)$nJournal of cardiovascular medicine (Hagerstown, Md.)
=MNI  \\$a1558-2027
=SRC  \\$aBLL02
=TOC  \\$aETOC
=UNO  \\$aY

