=LDR  03955cas a2200949 a 4500
=001  017374655
=003  Uk
=005  20230802114132.0
=006  m\\\\\o\\d\\\\\\\\
=007  cr|cnu||||||||
=008  070423c20079999pauqr\pso\\\\\0\\\a0eng\c
=010  \\$a  2007247593$z  2007212127
=015  \\$aGBB573013$2bnb
=022  0\$a1937-1578$l1935-1089$y1539-2864$z1936-8771$21
=035  \\$a(OCoLC)123420844
=037  \\$aISSN_19351089$bPortico$nLippincott Williams & Wilkins
=040  \\$aNBuU-H$beng$cNBuU-H$dNBuU-H$dNSDP$dOCoLC$dWaSeSS$dOCoLC$dInU$dOCoLC$dUk
=042  \\$aukblsr
=082  04$a617.7$223
=130  0\$aRetinal cases & brief reports (Online)
=210  0\$aRetin. cases brief rep.$b(Online)
=222  \0$aRetinal cases & brief reports$b(Online)
=245  10$aRetinal cases & brief reports$h[electronic resource].
=246  3\$aRetinal cases and brief reports
=260  \\$aPhiladelphia, Pa. :$bLippincott Williams & Wilkins,$c2007-
=310  \\$aQuarterly
=336  \\$atext$2rdacontent
=337  \\$acomputer$2rdamedia
=338  \\$aonline resource$2rdacarrier
=362  0\$aVol. 1, no. 1 (winter 2007)-
=500  \\$aTitle from cover image (publisher's Web site, viewed Apr. 23, 2007).
=540  \\$aCurrent copyright fee: GBP32.00$c20\0$5Uk
=550  \\$aPublished for the Ophthalmic Communications Society.
=588  \\$aLatest issue consulted: volume 9, issue 3 (summer 2015) (publisher's Web site, viewed June 09, 2015).
=650  \0$aRetina$xDiseases$vPeriodicals.
=650  12$aRetina$vPeriodicals.
=650  12$aRetinal Diseases$vPeriodicals.
=650  \2$aRetina$vCase Reports.
=650  \2$aRetinal Diseases$vCase Reports.
=710  2\$aOphthalmic Communications Society (U.S.)
=776  08$iPrint version:$tRetinal cases & brief reports$x1935-1089
=852  41$aBritish Library$bHMNTS$jELD Digital store$3Volume 9:Issues 1(2015:Winter)-***Previous issues available in print copy
=856  \\$31850-9999$uhttp://journals.lww.com/pages/default.aspx$xBLDSS
=856  40$uhttp://gateway.ovid.com/ovidweb.cgi?T=JS&MODE=ovid&NEWS=n&PAGE=toc&D=ovft&AN=01271216-000000000-00000
=856  40$uhttp://journals.lww.com/retinalcases/pages/default.aspx
=856  40$uhttp://www.retinalcases.com
=859  \\$aXLD$bejournal$cSFX
=859  \\$aELD$bejournal
=945  \\$aRetinal Cases and Brief Reports
=959  \\$fCurrently available
=979  \\$aBritish Library$bDSC$j7785.510315N
=CAT  \\$a6790$b40$c20150528$lBLL01$h1447
=CAT  \\$a6790$b40$c20150528$lBLL01$h1526
=CAT  \\$aBATCH-CLA$b00$c20150529$lBLL01$h1529
=CAT  \\$a10973$b40$c20150609$lBLL01$h1333
=CAT  \\$aIPL-CLA$c20150630$lBLL01$h1725
=CAT  \\$a5552$b40$c20160119$lBLL01$h0935
=CAT  \\$aBLDSS-3PM$b00$c20160201$lBLL01$h1812
=CAT  \\$aBATCH-UPD$b00$c20160217$lBLL01$h1713
=CAT  \\$aIPL-CLA$c20160331$lBLL01$h1819
=CAT  \\$aBATCH-UPD$b00$c20160413$lBLL01$h1829
=CAT  \\$aBATCH-UPD$b00$c20160524$lBLL01$h2200
=CAT  \\$aBATCH-UPD$b00$c20160524$lBLL01$h2307
=CAT  \\$a5552$b40$c20170223$lBLL01$h1123
=CAT  \\$aW1711-1005$c20171206$lBLL01$h1828
=CAT  \\$a12654$b40$c20210210$lBLL01$h0828
=CAT  \\$a12654$b40$c20230215$lBLL01$h1123
=CAT  \\$a12654$b40$c20230215$lBLL01$h1124
=CAT  \\$a12654$b40$c20230215$lBLL01$h1130
=CAT  \\$a12654$b40$c20230802$lBLL01$h1141
=CFI  0\$aCurrent copyright fee: GBP32.00$c20\0$e01-apr-2016$fGBP32.00$g0$hP$5Uk
=CFI  2\$aPrevious copyright fee: GBP30.32$c20\0$e19-jan-2016$fGBP30.32$g0$hP$5Uk
=FFP  \\$aY$bBLDSS-3PM
=FIN  \\$aY$d20150609
=FMT  \\$a  SE
=LAS  \\$a12654$b40$c20230802$lBLL01$h1141
=LET  \0$aRetinal cases & brief reports (Electronic)
=LKR  \\$aPAR$b014622620$lBLL01$nRetinal cases & brief reports (Print)$mRetinal cases & brief reports (Online)$r776
=MNI  \\$a1935-1089
=SRC  \\$aBLL02
=TOC  \\$aETOC
=UNO  \\$aY

