=LDR  04716cas a2201033 i 4500
=001  015323546
=003  Uk
=005  20230426110958.0
=006  m\\\\\\\\d\|\\\\\\
=007  cr||||||||||||
=008  090709c20109999enkfr\p\s\\\\\0\\\a0eng\\
=015  \\$aGBB350526$2bnb
=022  0\$a2041-5370$202
=037  2\$aISSN_00760730$bPortico$nWiley
=037  3\$aISSN_00760730_4$bPortico$nOxford University Press
=040  \\$aUk$beng$cUk$dUk$erda
=042  \\$aukblsr$aissnuk
=082  04$a480.05$223
=222  \0$aBulletin of the Institute of Classical Studies$b(Online)
=245  00$aBulletin of the Institute of Classical Studies.
=246  13$aBulletin of the Institute of Classical Studies of the University of London
=246  13$aBulletin
=246  13$aBICS
=264  \1$aChichester :$bJohn Wiley & Sons, Ltd
=264  31$32020- :$a[Oxford] :$bPublished by Oxford University Press on behalf of the Institute of Classical Studies
=310  \\$aSemiannual
=336  \\$atext$2rdacontent
=337  \\$acomputer$2rdamedia
=338  \\$aonline resource$2rdacarrier
=362  0\$aVolume 1, issue 1 (December 1954)-
=540  \\$aCurrent Copyright Fee: GBP42.00$c29\0$5Uk
=588  \\$aDescription based on: volume 1, issue 1 (December 1954); title from journal home page (Wiley Online Library, viewed May 22, 2103).
=588  \\$aLatest issue consulted: volume 63, issue 1 (June 2020) (Oxford Academic, viewed January 14, 2021).
=650  \0$aClassical philology$vPeriodicals.
=710  2\$aUniversity of London.$bInstitute of Classical Studies.
=710  2\$aUniversity of London.$bInstitute of Classical Studies,$eissuing body.
=776  08$iAlso issued in print as:$tBulletin of the Institute of Classical Studies of the University of London$x0076-0730
=852  41$aBritish Library$bHMNTS$jELD Digital store$3Volume 56:Number 1(2013:Jun.)-***Previous issues available in print copy
=856  \\$31850-9999$uhttp://onlinelibrary.wiley.com/$xBLDSS
=856  40$uhttp://onlinelibrary.wiley.com/journal/10.1111/(ISSN)2041-5370
=856  40$uhttps://academic.oup.com/bics
=859  \\$aXLD$bejournal$cSFX
=859  \\$aELD$bejournal
=945  \\$aBULLETIN- INSTITUTE OF CLASSICAL STUDIES UNIVERSITY OF LONDON
=959  \\$fCurrently available
=979  \\$aBritish Library$bDSC$j2580.250000
=985  \\$aISSN title from home page html header (viewed Sept. 29, 2011).
=985  \\$aISSN responsibility transferred to U.S. ISSN Center from ISSN UK Centre, Wiley, Multinational Publisher List, Summer 2017.
=985  \\$aISSN responsibility transferred back to UK from U.S. Center (Richard, 19/10/21)
=ACF  \\$aPrevious Copyright Fee: GBP28.00$c35\0$e18-nov-2019$fGBP28.00$g0$hP$5Uk
=ACF  \\$aPrevious copyright fee: GBP29.00$c29\0$e01-jan-2020$fGBP29.00$g0$hP$5Uk
=CAT  \\$a11316$b40$c20090709$lBLL01$h1619
=CAT  \\$a5410$b40$c20191115$lBLL01$h1459
=CAT  \\$a12654$b40$c20191118$lBLL01$h1212
=CAT  \\$a12654$b40$c20191118$lBLL01$h1213
=CAT  \\$aBATCH-UNOA$c20191120$lBLL01$h0133
=CAT  \\$a5552$b40$c20191120$lBLL01$h1144
=CAT  \\$aDEL-3PM$c20191121$lBLL01$h1513
=CAT  \\$aBLDSS-3PM$b00$c20191127$lBLL01$h1331
=CAT  \\$aBATCH-UPD$b00$c20191127$lBLL01$h1355
=CAT  \\$a15005$b40$c20191204$lBLL01$h1300
=CAT  \\$aIPL-CLA$c20191231$lBLL01$h2019
=CAT  \\$a8483$b40$c20210114$lBLL01$h1236
=CAT  \\$a8483$b40$c20210114$lBLL01$h1240
=CAT  \\$a8483$b40$c20210114$lBLL01$h1241
=CAT  \\$a14586$b40$c20210326$lBLL01$h1231
=CAT  \\$a10806$b40$c20211019$lBLL01$h1251
=CAT  \\$a10806$b40$c20211021$lBLL01$h0809
=CAT  \\$aBATCH-UPD$b40$c20220308$lBLL01$h1728
=CAT  \\$aIPL-CLA$c20220331$lBLL01$h1952
=CAT  \\$a12654$b40$c20230123$lBLL01$h1135
=CAT  \\$aS2302-1302$c20230322$lBLL01$h1707
=CAT  \\$aS2302-1302$c20230322$lBLL01$h1708
=CAT  \\$aS2302-1302$c20230323$lBLL01$h1443
=CAT  \\$aIPL-CLA$c20230331$lBLL01$h1547
=CAT  \\$aS2304-0519$c20230412$lBLL01$h1140
=CAT  \\$aBATCH-SUPP$c20230426$lBLL01$h1109
=CFI  0\$aCurrent Copyright Fee: GBP42.00$c29\0$e01-apr-2023$fGBP42.00$g0$hP$5Uk
=CFI  2\$aPrevious copyright fee: GBP32.00$c29\0$e01-apr-2022$fGBP32.00$g0$hP$5Uk
=FFP  \\$aY$bBLDSS-3PM
=FIN  \\$aY$d20110929
=FMT  \\$a  SE
=LAS  \\$aBATCH-SUPP$b00$c20230426$lBLL01$h1109
=LET  \0$aBulletin of the Institute of Classical Studies (Online)
=LKR  \\$aPAR$b011732591$lBLL01$nBulletin of the Institute of Classical Studies (Print)$mBulletin of the Institute of Classical Studies (Online)$r776
=MNI  \\$a0076-0730
=TCO  \\$aCLA$bCLA$c008
=TOC  \\$aETOC
=UNO  \\$aY

