=LDR  04410cas a2200997 i 4500
=001  015334179
=003  Uk
=005  20230426110959.0
=006  m\\\\\\\\d\|\\\\\\
=007  cr||||||||||||
=008  090723c20109999enkbr\p\s\\\\\0\\\a0eng\\
=015  \\$aGBB411461$2bnb
=022  0\$a2041-7772$202
=037  \\$ajeclap$bOxford University Press
=037  3\$aISSN_20417764$bPortico$nOxford University Press
=040  \\$aUk$beng$cUk$erda
=042  \\$aissnuk$aukblsr
=082  04$a343.072109405$223
=222  \0$aJournal of European competition law & practice$b(Online)
=245  00$aJournal of European competition law & practice.
=246  3\$aJournal of European competition law and practice
=264  \1$aOxford :$bOxford Journals,$c2010-
=310  \\$aBimonthly
=336  \\$atext$2rdacontent
=337  \\$acomputer$2rdamedia
=338  \\$aonline resource$2rdacarrier
=362  0\$aVolume 1, number 1 (2010)-
=500  \\$aTitle from front matter (PDF) (Oxford journals, viewed January 29, 2014).
=540  \\$aCurrent Copyright Fee: GBP64.00$c29\0$5Uk
=588  \\$aLatest issue consulted: volume 5, number 1 (2014) (viewed January 29, 2014).
=650  \0$aAntitrust law$zEuropean Union countries$vPeriodicals.
=776  08$iAlso issued in print as:$tJournal of European competition law & practice$x2041-7764
=852  41$aBritish Library$bHMNTS$jELD Digital store$3Volume 1:Number 1(2010)-***Previous issues available in print copy
=856  \\$31850-9999$uhttp://ukcatalogue.oup.com/$xBLDSS
=856  40$uhttp://jeclap.oxfordjournals.org/
=859  \\$aELD$bejournal
=859  \\$aXLD$bejournal$cSFX
=945  \\$aJournal of European competition law and practice.
=959  \\$fCurrently available
=979  \\$aBritish Library$bDSC$j4979.602970N
=ACF  \\$aPrevious copyright fee: GBP18.00$c29\0$e01-jan-2010$fGBP18.00$g0$hP$5Uk
=ACF  \\$aPrevious copyright fee: GBP29.00$c29\0$e01-jan-2012$fGBP29.00$g0$hP$5Uk
=ACF  \\$aPrevious copyright fee: GBP30.00$c29\0$e01-jan-2013$fGBP30.00$g0$hP$5Uk
=ACF  \\$aPrevious copyright fee: GBP36.00$c29\0$e01-jan-2016$fGBP36.00$g0$hP$5Uk
=ACF  \\$aPrevious copyright fee: GBP38.00$c29\0$e01-jan-2017$fGBP38.00$g0$hP$5Uk
=ACF  \\$aPrevious copyright fee: GBP40.00$c29\0$e01-jan-2018$fGBP40.00$g0$hP$5Uk
=ACF  \\$aPrevious copyright fee: GBP41.00$c29\0$e01-jan-2019$fGBP41.00$g0$hP$5Uk
=ACF  \\$aPrevious Copyright Fee: GBP42.00$c29\0$e01-jan-2020$fGBP42.00$g0$hP$5Uk
=CAT  \\$a11315$b40$c20090723$lBLL01$h1315
=CAT  \\$aBLDSS-3PM$b00$c20141208$lBLL01$h1627
=CAT  \\$aBATCH-UPD$b00$c20151119$lBLL01$h1547
=CAT  \\$aIPL-CLA$c20151231$lBLL01$h1931
=CAT  \\$aBATCH-UPD$b00$c20160413$lBLL01$h1823
=CAT  \\$aBATCH-UPD$b00$c20160524$lBLL01$h2213
=CAT  \\$aBATCH-UPD$b00$c20160525$lBLL01$h0042
=CAT  \\$a5552$b40$c20161115$lBLL01$h1543
=CAT  \\$aBATCH-UPD$b40$c20161122$lBLL01$h1523
=CAT  \\$aIPL-CLA$c20161230$lBLL01$h2333
=CAT  \\$aBATCH-UPD$b00$c20171121$lBLL01$h1658
=CAT  \\$aW1711-1005$c20171206$lBLL01$h1822
=CAT  \\$aIPL-CLA$c20171231$lBLL01$h1754
=CAT  \\$aBATCH-UPD$b00$c20181217$lBLL01$h1655
=CAT  \\$aIPL-CLA$c20181231$lBLL01$h1549
=CAT  \\$aW1910-0530$c20191007$lBLL01$h1114
=CAT  \\$aR1911-1518$c20191206$lBLL01$h1359
=CAT  \\$aIPL-CLA$c20191231$lBLL01$h2019
=CAT  \\$aBATCH-UPD$b00$c20220308$lBLL01$h1714
=CAT  \\$aIPL-CLA$c20220331$lBLL01$h1952
=CAT  \\$a12654$b40$c20230222$lBLL01$h1125
=CAT  \\$aS2302-1302$c20230322$lBLL01$h1708
=CAT  \\$aS2302-1302$c20230323$lBLL01$h1443
=CAT  \\$aIPL-CLA$c20230331$lBLL01$h1547
=CAT  \\$aS2304-0519$c20230412$lBLL01$h1140
=CAT  \\$aBATCH-SUPP$c20230426$lBLL01$h1109
=CFI  0\$aCurrent Copyright Fee: GBP64.00$c29\0$e01-apr-2023$fGBP64.00$g0$hP$5Uk
=CFI  2\$aPrevious copyright fee: GBP46.00$c29\0$e01-apr-2022$fGBP46.00$g0$hP$5Uk
=FFP  \\$aY$bBLDSS-3PM
=FIN  \\$aY$d20101106
=FMT  \\$a  SE
=LAS  \\$aBATCH-SUPP$b00$c20230426$lBLL01$h1109
=LET  \0$aJournal of European competition law & practice (Online)
=LKR  \\$aPAR$b015334178$lBLL01$nJournal of European competition law & practice (Print)$mJournal of European competition law & practice (Online)$r776
=MNI  \\$a2041-7764
=TCO  \\$aCLA$bCLA$c008
=TOC  \\$aETOC
=UNO  \\$aY

