=LDR  04608cas a2201057 a 4500
=001  015605276
=003  Uk
=005  20230426111015.0
=006  m\\\\\\\\d\\\\\\\\
=007  cr\|||||||||||
=008  060717c19209999enkar\pss\b\\\0\\\a0eng\d
=015  \\$aGBB409376$2bnb
=022  0\$a2044-9437$202
=035  \\$a(StAbUL)001121137
=037  \\$abybil$bOxford University Press
=037  3\$aISSN_00682691$bPortico$nOxford University Press
=038  \\$aUkLCURL
=040  \\$aStAbUL$beng$cStAbUL$dUk
=042  \\$aissnuk$aukblsr
=082  04$a341.05$223
=130  0\$aBritish year book of international law (Online)
=222  \0$aBritish year book of international law$b(Online)
=245  14$aThe British year book of international law$h[electronic resource].
=246  13$aBritish yearbook of international law
=260  \\$aLondon :$bHenry Frowde, Hodder and Stoughton and Oxford University Press,$c1921-
=260  3\$aOxford :$bOxford University Press
=310  \\$aAnnual
=336  \\$atext$2rdacontent
=337  \\$acomputer$2rdamedia
=338  \\$aonline resource$2rdacarrier
=362  0\$aVol. 1 (1920/21)-
=500  \\$aTitle from web page (viewed on Apr. 18, 2011).
=515  \\$aSuspended 1940-1943.
=515  \\$a1955/1956, 1965/1966, and 1968/1969 issued combined.
=540  \\$aCurrent Copyright Fee: GBP32.00$c29\0$5Uk
=550  \\$aVols. for 1921-22-1927 published under the auspices of the British Institute of International Affairs; 1928- of the Royal Institute of International Affairs.
=588  \\$aLatest issue consulted: volume 83 (2012), published 2014 (Oxford journals, viewed January 23, 2014).
=650  \0$aInternational law$vPeriodicals.
=710  2\$aRoyal Institute of International Affairs.
=710  2\$aBritish Institute of International Affairs.
=776  08$iAlso issued in print as:$tBritish year book of international law$x0068-2691
=852  41$aBritish Library$bHMNTS$jELD Digital store$3Volume 84(2014)-***Previous issues available in print copy
=856  \\$31850-9999$uhttp://www.oxfordjournals.org/$xBLDSS
=856  40$uhttp://bybil.oxfordjournals.org/
=859  \\$aXLD$bejournal$cSFX
=859  \\$aELD$bejournal
=945  \\$aBritish year book of international law.
=959  \\$fCurrently available
=979  \\$aBritish Library$bDSC$j2348.200000
=ACF  \\$aPrevious copyright fee: GBP24.00$c29\0$e09-nov-2016$fGBP24.00$g0$hP$5Uk
=ACF  \\$aPrevious copyright fee: GBP26.00$c29\0$e01-jan-2017$fGBP26.00$g0$hP$5Uk
=ACF  \\$aPrevious copyright fee: GBP27.00$c29\0$e01-jan-2018$fGBP27.00$g0$hP$5Uk
=ACF  \\$aPrevious copyright fee: GBP28.00$c29\0$e01-jan-2019$fGBP28.00$g0$hP$5Uk
=ACF  \\$aPrevious Copyright Fee: GBP20.00$c29\0$e01-jan-2020$fGBP20.00$g0$hP$5Uk
=CAT  \\$a10806$b40$c20100720$lBLL01$h1611
=CAT  \\$a10902$b40$c20131204$lBLL01$h0914
=CAT  \\$a11205$b40$c20140123$lBLL01$h1138
=CAT  \\$a11316$b40$c20140206$lBLL01$h1445
=CAT  \\$a5552$b40$c20161109$lBLL01$h1414
=CAT  \\$aBLDSS-3PM$b00$c20161115$lBLL01$h1529
=CAT  \\$aBATCH-UPD$b00$c20161115$lBLL01$h1530
=CAT  \\$aBATCH-UPD$b00$c20161122$lBLL01$h1522
=CAT  \\$aIPL-CLA$c20161230$lBLL01$h2345
=CAT  \\$aBATCH-UPD$b00$c20171121$lBLL01$h1705
=CAT  \\$aW1711-1005$c20171206$lBLL01$h1822
=CAT  \\$aIPL-CLA$c20171231$lBLL01$h1802
=CAT  \\$aBATCH-UPD$b00$c20181217$lBLL01$h1652
=CAT  \\$aIPL-CLA$c20181231$lBLL01$h1550
=CAT  \\$aW1910-0530$c20191007$lBLL01$h1114
=CAT  \\$aR1911-1518$c20191206$lBLL01$h1419
=CAT  \\$aIPL-CLA$c20191231$lBLL01$h2024
=CAT  \\$aBATCH-UPD$b00$c20220308$lBLL01$h1735
=CAT  \\$aIPL-CLA$c20220331$lBLL01$h1952
=CAT  \\$a12654$b40$c20230123$lBLL01$h1125
=CAT  \\$aS2302-1302$c20230322$lBLL01$h1707
=CAT  \\$aS2302-1302$c20230322$lBLL01$h1708
=CAT  \\$aS2302-1302$c20230323$lBLL01$h1443
=CAT  \\$aIPL-CLA$c20230331$lBLL01$h1547
=CAT  \\$aS2304-0519$c20230412$lBLL01$h1140
=CAT  \\$aBATCH-SUPP$c20230426$lBLL01$h1110
=CFI  0\$aCurrent Copyright Fee: GBP32.00$c29\0$e01-apr-2023$fGBP32.00$g0$hP$5Uk
=CFI  2\$aPrevious copyright fee: GBP22.00$c29\0$e01-apr-2022$fGBP22.00$g0$hP$5Uk
=FFP  \\$aY$bBLDSS-3PM
=FIN  \\$aY$d20110503
=FMT  \\$a  SE
=LAS  \\$aBATCH-SUPP$b00$c20230426$lBLL01$h1110
=LKR  \\$aPAR$b011110527$lBLL01$nBritish year book of international law (Print)$mBritish year book of international law (Online)$r776
=MNI  \\$a0068-2691
=SID  \\$aZ39$bRLUK
=TCO  \\$aCLA$bCLA$c008
=UNO  \\$aY

