=LDR  04088cas a2200973 i 4500
=001  015608566
=003  Uk
=005  20230426111016.0
=006  m\\\\\\\\d\|\\\\\\
=007  cr||||||||||||
=008  100722c19919999enkar\p\o\\\\\0\\\a0eng\\
=015  \\$aGBB407069$2bnb
=022  0\$a2045-0052$202
=037  \\$ayielaw$bOxford University Press
=037  3\$aISSN_09651721$bPortico$nOxford University Press
=040  \\$aUk$beng$cUk$erda
=042  \\$aissnuk$aukblsr
=082  04$a344.04605$223
=210  0\$aYearb. int. environ. law$b(Online)
=222  \0$aYearbook of international environmental law$b(Online)
=245  00$aYearbook of international environmental law.
=246  13$aYIEL
=264  \1$aLondon :$bGraham & Trotman
=264  31$aOxford :$bOxford University Press
=310  \\$aAnnual
=336  \\$atext$2rdacontent
=337  \\$acomputer$2rdamedia
=338  \\$aonline resource$2rdacarrier
=362  0\$aVolume 1 (1990)-
=500  \\$aTitle from pdf front matter (Oxford Journals, viewed January 16, 2014).
=540  \\$aCurrent Copyright Fee: GBP42.00$c29\0$5Uk
=588  \\$aLatest issue consulted: volume 23 (2012) (viewed January 16, 2014).
=650  \0$aEnvironmental law, International$vPeriodicals.
=776  08$iAlso issued in print as:$tYearbook of international environmental law$x0965-1721
=852  41$aBritish Library$bHMNTS$jELD Digital store$3Volume 21(2010)-***Previous issues available in print copy
=856  \\$31850-9999$uhttp://www.oxfordjournals.org/$xBLDSS
=856  40$uhttp://yielaw.oxfordjournals.org/
=859  \\$aELD$bejournal
=859  \\$aXLD$bejournal$cSFX
=959  \\$fCurrently available
=979  \\$aBritish Library$bDSC
=979  \\$aBritish Library$bDSC$j9388.260000
=985  \\$aISSN description based on: journal homepage on publisher website, viewed 31/10/12.
=ACF  \\$aPrevious Copyright Fee: GBP16.00$c0$e01-apr-2014$fGBP16.00$g0$hC$5Uk
=ACF  \\$aPrevious copyright fee: GBP27.00$c29\0$e08-jan-2018$fGBP27.00$g0$hP$5Uk
=ACF  \\$aPrevious copyright fee: GBP28.00$c29\0$e01-jan-2019$fGBP28.00$g0$hP$5Uk
=ACF  \\$aPrevious Copyright Fee: GBP29.00$c29\0$e01-jan-2020$fGBP29.00$g0$hP$5Uk
=CAT  \\$a11313$b40$c20100722$lBLL01$h1425
=CAT  \\$a8483$b40$c20140116$lBLL01$h1336
=CAT  \\$a8483$b40$c20140116$lBLL01$h1338
=CAT  \\$a8483$b40$c20140116$lBLL01$h1339
=CAT  \\$a14112$b40$c20140221$lBLL01$h1620
=CAT  \\$aBATCH-CLA$b00$c20140228$lBLL01$h1619
=CAT  \\$aIPL-CLA$c20140331$lBLL01$h1638
=CAT  \\$aW1711-1005$c20171206$lBLL01$h1822
=CAT  \\$a5552$b40$c20180108$lBLL01$h1200
=CAT  \\$aBATCH-UPD$b40$c20180110$lBLL01$h0100
=CAT  \\$aBLDSS-3PM$b00$c20180118$lBLL01$h1500
=CAT  \\$aBATCH-UPD$b00$c20180118$lBLL01$h1546
=CAT  \\$aBATCH-UPD$b00$c20181217$lBLL01$h1652
=CAT  \\$aIPL-CLA$c20181231$lBLL01$h1550
=CAT  \\$aW1910-0530$c20191007$lBLL01$h1114
=CAT  \\$aR1911-1518$c20191206$lBLL01$h1405
=CAT  \\$aIPL-CLA$c20191231$lBLL01$h2024
=CAT  \\$aBATCH-UPD$b00$c20220308$lBLL01$h1728
=CAT  \\$aIPL-CLA$c20220331$lBLL01$h1952
=CAT  \\$a12654$b40$c20230307$lBLL01$h1455
=CAT  \\$a12654$b40$c20230307$lBLL01$h1509
=CAT  \\$aS2302-1302$c20230322$lBLL01$h1708
=CAT  \\$aS2302-1302$c20230323$lBLL01$h1444
=CAT  \\$aIPL-CLA$c20230331$lBLL01$h1547
=CAT  \\$aS2304-0519$c20230412$lBLL01$h1140
=CAT  \\$aBATCH-SUPP$c20230426$lBLL01$h1110
=CFI  0\$aCurrent Copyright Fee: GBP42.00$c29\0$e01-apr-2023$fGBP42.00$g0$hP$5Uk
=CFI  2\$aPrevious copyright fee: GBP32.00$c29\0$e01-apr-2022$fGBP32.00$g0$hP$5Uk
=FFP  \\$aY$bBLDSS-3PM
=FIN  \\$aY$d20121031
=FMT  \\$a  SE
=LAS  \\$aBATCH-SUPP$b00$c20230426$lBLL01$h1110
=LET  \0$aYearbook of international environmental law (Electronic)
=LKR  \\$aPAR$b007234023$lBLL01$r776$mYearbook of international environmental law (Online)$nYearbook of international environmental law (Print)
=MNI  \\$a0965-1721
=TCO  \\$aCLA$bCLA$c008
=UNO  \\$aY

