=LDR  04597cas a2201117 a 4500
=001  015815324
=003  Uk
=005  20230426111026.0
=006  m\\\\\o\\d\\\\\\\\
=007  cr\mnu||||||||
=008  121024c20129999enkfr\p\o\\\\\0\\\a0eng\d
=015  \\$aGBB409970$2bnb
=022  0\$a2047-0789$202
=035  \\$a(OCoLC)814306670
=037  \\$aojlr$bOxford University Press
=037  3\$aISSN_20470770$bPortico$nOxford University Press
=040  \\$aWUG$beng$cWUG$dOCLCQ$dUk
=042  \\$aissnuk$aukblsr
=050  \4$aK15$b.X48
=082  04$a342.0852$223
=130  0\$aOxford journal of law and religion (Online)
=222  \0$aOxford journal of law and religion$b(Online)
=245  14$aThe Oxford journal of law and religion$h[electronic resource].
=246  30$aJournal of law and religion
=246  3\$aOJLR
=260  \\$a[Oxford :$bOxford Journals],$c2012-
=310  \\$aSemiannual
=336  \\$atext$2rdacontent
=337  \\$acomputer$2rdamedia
=338  \\$aonline resource$2rdacarrier
=362  1\$aBegan with v. 1, no. 1 (Apr. 2012).
=500  \\$aContains full text of articles, 2012-.
=538  \\$aMode of access: World Wide Web.
=540  \\$aCurrent Copyright Fee: GBP33.00$c29\0$5Uk
=588  \\$aDescription based on: Oxford Journal Web site; title from cover.
=588  \\$aLatest issue consulted: volume 2, issue 2 (October 2013).
=650  \0$aReligion and law$vPeriodicals.
=650  \0$aReligion and state$vPeriodicals.
=650  \0$aReligion and sociology$vPeriodicals.
=650  \0$aJurisprudence$vPeriodicals.
=650  \0$aHuman rights$vPeriodicals.
=776  08$iPrint version:$tOxford journal of law and religion$x2047-0770
=852  41$aBritish Library$bHMNTS$jELD Digital store$3Volume 3:Number 1(2014:Apr.)-***Previous issues available in print copy
=856  \\$31850-9999$uhttp://ukcatalogue.oup.com/$xBLDSS
=856  40$uhttp://ojlr.oxfordjournals.org/
=859  \\$aELD$bejournal
=859  \\$aXLD$bejournal$cSFX
=945  \\$aOxford journal of law and religion.
=959  \\$fCurrently available
=979  \\$aBritish Library$bDSC$j6321.005845N
=ACF  \\$aPrevious copyright fee: zero$c29\0$e01-jan-2012$fGBP00.00$g0$hP$5Uk
=ACF  \\$aPrevious Copyright Fee: GBP20.00$c29\0$e01-jan-2014$fGBP20.00$g0$hP$5Uk
=ACF  \\$aPrevious copyright fee: GBP23.00$c29\0$e01-jan-2015$fGBP23.00$g0$hP$5Uk
=ACF  \\$aPrevious copyright fee: GBP24.00$c29\0$e01-jan-2016$fGBP24.00$g0$hP$5Uk
=ACF  \\$aPrevious copyright fee: GBP26.00$c29\0$e01-jan-2017$fGBP26.00$g0$hP$5Uk
=ACF  \\$aPrevious copyright fee: GBP27.00$c29\0$e01-jan-2018$fGBP27.00$g0$hP$5Uk
=ACF  \\$aPrevious copyright fee: GBP28.00$c29\0$e01-jan-2019$fGBP28.00$g0$hP$5Uk
=ACF  \\$aPrevious Copyright Fee: GBP20.00$c29\0$e01-jan-2020$fGBP20.00$g0$hP$5Uk
=CAT  \\$a11313$b40$c20110526$lBLL01$h1442
=CAT  \\$aIPL-CLA$c20151231$lBLL01$h1933
=CAT  \\$aBATCH-UPD$b00$c20160413$lBLL01$h1825
=CAT  \\$aBATCH-UPD$b00$c20160524$lBLL01$h2214
=CAT  \\$aBATCH-UPD$b00$c20160525$lBLL01$h0053
=CAT  \\$a5552$b40$c20161117$lBLL01$h1430
=CAT  \\$aBATCH-UPD$b40$c20161122$lBLL01$h1522
=CAT  \\$aIPL-CLA$c20161230$lBLL01$h2354
=CAT  \\$aBATCH-UPD$b00$c20171121$lBLL01$h1705
=CAT  \\$aW1711-1005$c20171206$lBLL01$h1823
=CAT  \\$aIPL-CLA$c20171231$lBLL01$h1808
=CAT  \\$a5410$b40$c20180314$lBLL01$h1503
=CAT  \\$aBATCH-UPD$b40$c20181217$lBLL01$h1653
=CAT  \\$aIPL-CLA$c20181231$lBLL01$h1551
=CAT  \\$aW1910-0530$c20191007$lBLL01$h1114
=CAT  \\$a5410$b40$c20191126$lBLL01$h0923
=CAT  \\$aR1911-1518$c20191206$lBLL01$h1418
=CAT  \\$aIPL-CLA$c20191231$lBLL01$h2027
=CAT  \\$aBATCH-UPD$b00$c20220308$lBLL01$h1735
=CAT  \\$aIPL-CLA$c20220331$lBLL01$h1952
=CAT  \\$a12654$b40$c20230302$lBLL01$h0840
=CAT  \\$aS2302-1302$c20230322$lBLL01$h1708
=CAT  \\$aS2302-1302$c20230323$lBLL01$h1444
=CAT  \\$aIPL-CLA$c20230331$lBLL01$h1547
=CAT  \\$aS2304-0519$c20230412$lBLL01$h1140
=CAT  \\$aBATCH-SUPP$c20230426$lBLL01$h1110
=CFI  0\$aCurrent Copyright Fee: GBP33.00$c29\0$e01-apr-2023$fGBP33.00$g0$hP$5Uk
=CFI  2\$aPrevious copyright fee: GBP22.00$c29\0$e01-apr-2022$fGBP22.00$g0$hP$5Uk
=FFP  \\$aY$bBLDSS-3PM
=FIN  \\$aY$d20120425
=FMT  \\$a  SE
=LAS  \\$aBATCH-SUPP$b00$c20230426$lBLL01$h1110
=LET  \0$aOxford journal of law and religion (Online)
=MNI  \\$a2047-0770
=SID  \\$aZ39$bOCLC
=TCO  \\$aCLA$bCLA$c008
=TOC  \\$aETOC
=UNO  \\$aY

