=LDR  04836cas a2201057 i 4500
=001  015815352
=003  Uk
=005  20230426111026.0
=006  m\\\\\\\\d\|\\\\\\
=007  cr||||||||||||
=008  110526c20129999enkmr\p\s\\\\\0\\\a0eng\\
=015  \\$aGBB409429$2bnb
=022  0\$a2047-2412$202
=037  \\$aehjcimaging$bOxford University Press
=037  3\$aISSN_20472404$bPortico$nOxford University Press
=040  \\$aUk$beng$cUk$dUk$erda
=042  \\$aissnuk$aukblsr
=082  04$a616.10754$223
=222  \0$aEuropean heart journal. Cardiovascular imaging$b(Online)
=245  00$aEuropean heart journal.$pCardiovascular imaging.
=246  30$aCardiovascular imaging
=264  \1$aOxford :$bOxford University Press,$c2012-
=310  \\$aMonthly
=336  \\$atext$2rdacontent
=337  \\$acomputer$2rdamedia
=338  \\$aonline resource$2rdacarrier
=362  0\$aVolume 13, number 1 (January 2012)-
=500  \\$aTitle from PDF of front matter (Oxford Journals, viewed January 23, 2014).
=540  \\$aCurrent Copyright Fee: GBP33.00$c29\0$5Uk
=588  \\$aLatest issue consulted: volume 15, number 2 (February 2014) (Oxford Journals, viewed January 23, 2014).
=650  \0$aCardiovascular system$xImaging$vPeriodicals.
=650  \0$aHeart$xImaging$vPeriodicals.
=710  2\$aEuropean Association of Echocardiography,$eissuing body.
=710  2\$aEuropean Society of Cardiology,$eissuing body.
=776  08$iAlso issued in print as:$tEuropean heart journal. Cardiovascular imaging$x2047-2404
=780  00$tEuropean journal of echocardiography (Online)$x1532-2114
=852  41$aBritish Library$bHMNTS$jELD Digital store$3Volume 15:Number 1(2014:Jan.)-***Previous issues available in print copy
=856  \\$31850-9999$uhttp://ukcatalogue.oup.com/$xBLDSS
=856  40$uhttp://ehjcimaging.oxfordjournals.org/
=859  \\$aXLD$bejournal$cSFX
=859  \\$aELD$bejournal
=945  \\$aEuropean heart journal cardiovascular imaging
=959  \\$fCurrently available
=979  \\$aBritish Library$bDSC$j3829.717505N
=ACF  \\$aPrevious Copyright Fee: GBP18.00$c29\0$e11-oct-2012$fGBP18.00$g0$hP$5Uk
=ACF  \\$aPrevious copyright fee: GBP20.00$c29\0$e01-jan-2013$fGBP20.00$g0$hP$5Uk
=ACF  \\$aPrevious copyright fee: GBP23.00$c29\0$e01-jan-2015$fGBP23.00$g0$hP$5Uk
=ACF  \\$aPrevious copyright fee: GBP24.00$c29\0$e01-jan-2016$fGBP24.00$g0$hP$5Uk
=ACF  \\$aPrevious copyright fee: GBP26.00$c29\0$e01-jan-2017$fGBP26.00$g0$hP$5Uk
=ACF  \\$aPrevious copyright fee: GBP27.00$c29\0$e01-jan-2018$fGBP27.00$g0$hP$5Uk
=ACF  \\$aPrevious copyright fee: GBP28.00$c29\0$e01-jan-2019$fGBP28.00$g0$hP$5Uk
=ACF  \\$aPrevious Copyright Fee: GBP20.00$c29\0$e01-jan-2020$fGBP20.00$g0$hP$5Uk
=CAT  \\$a10806$b40$c20110526$lBLL01$h1549
=CAT  \\$aBATCH-UPD$b00$c20150824$lBLL01$h0807
=CAT  \\$aBATCH-UPD$b00$c20151119$lBLL01$h1552
=CAT  \\$aIPL-CLA$c20151231$lBLL01$h1933
=CAT  \\$aBATCH-UPD$b00$c20160413$lBLL01$h1825
=CAT  \\$aBATCH-UPD$b00$c20160524$lBLL01$h2214
=CAT  \\$aBATCH-UPD$b00$c20160525$lBLL01$h0053
=CAT  \\$aBATCH-UPD$b00$c20161122$lBLL01$h1522
=CAT  \\$aIPL-CLA$c20161230$lBLL01$h2354
=CAT  \\$aBATCH-UPD$b00$c20171121$lBLL01$h1705
=CAT  \\$aW1711-1005$c20171206$lBLL01$h1823
=CAT  \\$aIPL-CLA$c20171231$lBLL01$h1808
=CAT  \\$aBATCH-UPD$b00$c20181217$lBLL01$h1653
=CAT  \\$aIPL-CLA$c20181231$lBLL01$h1551
=CAT  \\$aW1910-0530$c20191007$lBLL01$h1114
=CAT  \\$aR1911-1518$c20191206$lBLL01$h1418
=CAT  \\$aIPL-CLA$c20191231$lBLL01$h2027
=CAT  \\$aBATCH-UPD$b00$c20220308$lBLL01$h1735
=CAT  \\$aIPL-CLA$c20220331$lBLL01$h1952
=CAT  \\$a12654$b40$c20230125$lBLL01$h1127
=CAT  \\$aS2302-1302$c20230322$lBLL01$h1707
=CAT  \\$aS2302-1302$c20230322$lBLL01$h1708
=CAT  \\$aS2302-1302$c20230323$lBLL01$h1443
=CAT  \\$aIPL-CLA$c20230331$lBLL01$h1547
=CAT  \\$aS2304-0519$c20230412$lBLL01$h1140
=CAT  \\$aBATCH-SUPP$c20230426$lBLL01$h1110
=CFI  0\$aCurrent Copyright Fee: GBP33.00$c29\0$e01-apr-2023$fGBP33.00$g0$hP$5Uk
=CFI  2\$aPrevious copyright fee: GBP22.00$c29\0$e01-apr-2022$fGBP22.00$g0$hP$5Uk
=FFP  \\$aY$bBLDSS-3PM
=FIN  \\$aY$d20120220
=FMT  \\$a  SE
=LAS  \\$aBATCH-SUPP$b00$c20230426$lBLL01$h1110
=LET  \0$aEuropean heart journal. Cardiovascular imaging (Online)
=LKR  \\$aPAR$b015815349$lBLL01$nEuropean heart journal. Cardiovascular imaging (Print)$mEuropean heart journal. Cardiovascular imaging (Online)$r776
=LKR  \\$aPAR$b012432885$lBLL01$nEuropean journal of echocardiography (Online)$mEuropean heart journal. Cardiovascular imaging (Online)$r78000
=MNI  \\$a2047-2404
=TCO  \\$aCLA$bCLA$c008
=TOC  \\$aETOC
=UNO  \\$aY

