=LDR  05876cas a2201189 i 4500
=001  015843291
=003  Uk
=005  20230426111027.0
=006  m\\\\\\\\d\|\\\\\\
=007  cr||||||||||||
=008  110707c20129999enkbr\p\s\\\\\0\\\a0eng\\
=015  \\$aGBB3A7319$2bnb
=022  0\$a2047-4881$202
=037  \\$aCPR$bSage (UK) Ltd
=037  3\$aISSN_20474873_4$bPortico$nOXFORD UNIVERSITY PRESS
=040  \\$aUk$beng$cUk$dUk$erda
=042  \\$aissnuk$aukblsr
=082  04$a616.12$223
=222  \0$aEuropean journal of preventive cardiology$b(Online)
=245  00$aEuropean journal of preventive cardiology.
=264  \1$32012-2020$aLondon :$bSAGE Publications,$c2012-
=264  31$32021-$a[Oxford] :$bOxford University Press
=310  \\$aBimonthly
=336  \\$atext$2rdacontent
=337  \\$acomputer$2rdamedia
=338  \\$aonline resource$2rdacarrier
=362  0\$aVol. 19, no. 1 (Feb 2012)-
=500  \\$aTitle from PDF cover page (SAGE journals, viewed November 25, 2013).
=540  \\$aCurrent Copyright Fee: GBP32.00$c29\0$5Uk
=580  \\$aIncludes issues of earlier titles: European journal of cardiovascular prevention & rehabilitation (2003-2011), and: Journal of cardoivascular risk (1994-2003).
=588  \\$aLatest issue consulted: Volume 28, Issue 8, August 2021 (Oxford Acadaemic, viewed August 5, 2021)
=650  \0$aCardiovascular system$xDiseases$xPrevention$vPeriodicals.
=650  \0$aCardiac patients$xRehabilitation$vPeriodicals.
=710  2\$aEuropean Association for Cardiovascular Prevention and Rehabilitation,$eissuing body.
=710  2\$aEuropean Association of Preventive Cardiology,$eissuing body.
=710  2\$aEuropean Society of Cardiology,$eissuing body.
=776  08$iAlso issued in print as:$tEuropean journal of preventive cardiology$x2047-4873
=780  10$tEuropean journal of cardiovascular prevention & rehabilitation$c(Online)$x1741-8275
=852  41$aBritish Library$bHMNTS$jELD Digital store$3Volume 21:Number 1(2014)-***Previous issues available in print copy
=856  40$uhttps://academic.oup.com/eurjpc/issue
=856  \\$31850-9999$uhttp://www.uk.sagepub.com/home.nav$xBLDSS
=856  4\$uhttp://cpr.sagepub.com/
=859  \\$aXLD$bejournal$cSFX
=859  \\$aELD$bejournal
=945  \\$aEuropean journal of preventive cardiology
=959  \\$fCurrently available
=979  \\$aBritish Library$bDSC$j3829.737525N
=ACF  \\$aPrevious copyright fee: GBP19.39$c19\0$e19-aug-2014$fGBP19.39$g0$hP$5Uk
=ACF  \\$aPrevious copyright fee: GBP20.65$c19\0$e01-apr-2015$fGBP20.65$g0$hP$5Uk
=ACF  \\$aPrevious copyright fee: GBP21.33$c19\0$e01-jul-2015$fGBP21.33$g0$hP$5Uk
=ACF  \\$aPrevious copyright fee: GBP20.65$c19\0$e01-oct-2015$fGBP20.65$g0$hP$5Uk
=ACF  \\$aPrevious copyright fee: GBP24.83$c19\0$e01-apr-2016$fGBP24.83$g0$hP$5Uk
=ACF  \\$aPrevious copyright fee: GBP26.67$c19\0$e01-oct-2016$fGBP26.67$g0$hP$5Uk
=ACF  \\$aPrevious copyright fee: GBP27.69$c19\0$e01-oct-2017$fGBP27.69$g0$hP$5Uk
=ACF  \\$aPrevious copyright fee: GBP28.80$c19\0$e01-apr-2017$fGBP28.80$g0$hP$5Uk
=ACF  \\$aPrevious copyright fee: GBP30.77$c19\0$e15-mar-2018$fGBP30.77$g0$hP$5Uk
=ACF  \\$aPrevious copyright fee: GBP28.57$c19\0$e01-apr-2018$fGBP28.57$g0$hP$5Uk
=ACF  \\$aPrevious copyright fee: GBP30.77$c19\0$e01-oct-2018$fGBP30.77$g0$hP$5Uk
=ACF  \\$aPrevious copyright fee: GBP32.31$c19\0$e01-jul-2019$fGBP32.31$g0$hP$5Uk
=ACF  \\$aPrevious copyright fee: GBP33.60$c19\0$e01-oct-2019$fGBP33.60$g0$hP$5Uk
=ACF  \\$aPrevious copyright fee: GBP33.52$c19\0$e01-apr-2020$fGBP33.52$g0$hP$5Uk
=ACF  \\$aPrevious copyright fee: GBP34.86$c19\0$e01-jul-2020$fGBP34.86$g0$hP$5Uk
=ACF  \\$aPrevious Copyright Fee: GBP20.00$c29\0$e01-jan-2021$fGBP20.00$g0$hP$5Uk
=CAT  \\$a11313$b40$c20110707$lBLL01$h1037
=CAT  \\$a5552$b40$c20180315$lBLL01$h1153
=CAT  \\$aIPL-CLA$c20180331$lBLL01$h1655
=CAT  \\$aBATCH-UPD$b00$c20180823$lBLL01$h1929
=CAT  \\$aIPL-CLA$c20180930$lBLL01$h1513
=CAT  \\$aBATCH-UPD$b00$c20190521$lBLL01$h1412
=CAT  \\$aIPL-CLA$c20190630$lBLL01$h1545
=CAT  \\$aBATCH-UPD$b00$c20190829$lBLL01$h1529
=CAT  \\$aIPL-CLA$c20190930$lBLL01$h1650
=CAT  \\$aBATCH-UPD$b00$c20200219$lBLL01$h1516
=CAT  \\$aIPL-CLA$c20200331$lBLL01$h1627
=CAT  \\$aBATCH-UPD$b00$c20200522$lBLL01$h1459
=CAT  \\$aIPL-CLA$c20200701$lBLL01$h0111
=CAT  \\$a15005$b40$c20201007$lBLL01$h1138
=CAT  \\$a5552$b40$c20201215$lBLL01$h1228
=CAT  \\$aIPL-CLA$c20201231$lBLL01$h1532
=CAT  \\$a14586$b40$c20210426$lBLL01$h1348
=CAT  \\$a8124$b40$c20210805$lBLL01$h1150
=CAT  \\$aBATCH-UPD$b40$c20220308$lBLL01$h1735
=CAT  \\$aIPL-CLA$c20220331$lBLL01$h1952
=CAT  \\$a12654$b40$c20230125$lBLL01$h1403
=CAT  \\$aS2302-1302$c20230322$lBLL01$h1708
=CAT  \\$aS2302-1302$c20230323$lBLL01$h1443
=CAT  \\$aIPL-CLA$c20230331$lBLL01$h1547
=CAT  \\$aS2304-0519$c20230412$lBLL01$h1140
=CAT  \\$aBATCH-SUPP$c20230426$lBLL01$h1110
=CFI  0\$aCurrent Copyright Fee: GBP32.00$c29\0$e01-apr-2023$fGBP32.00$g0$hP$5Uk
=CFI  2\$aPrevious copyright fee: GBP22.00$c29\0$e01-apr-2022$fGBP22.00$g0$hP$5Uk
=FFP  \\$aY$bBLDSS-3PM
=FIN  \\$aY$d20120301
=FMT  \\$a  SE
=LAS  \\$aBATCH-SUPP$b00$c20230426$lBLL01$h1110
=LET  \0$aEuropean journal of preventive cardiology (Electronic)
=LKR  \\$aPAR$b012909102$lBLL01$nEuropean journal of cardiovascular prevention & rehabilitation (Online)$mEuropean journal of preventive cardiology (Online)$r78000
=LKR  \\$aPAR$b015843289$lBLL01$nEuropean journal of preventive cardiology (Print)$mEuropean journal of preventive cardiology (Online)$r776
=MNI  \\$a2047-4873
=TCO  \\$aCLA$bCLA$c008
=TOC  \\$aETOC
=UNO  \\$aY

