=LDR  05174cas a2201117 i 4500
=001  015949158
=003  Uk
=005  20230426111029.0
=006  m\\\\\\\\d\|\\\\\\
=007  cr||||||||||||
=008  111013c20129999enkbx\p\s\\\\\0\\\a0eng\\
=015  \\$aGBB3A8026$2bnb
=022  0\$a2048-8734$202
=037  \\$aACC$bSage (UK) Ltd
=037  3\$aISSN_20488726_4$bPortico$nOXFORD UNIVERSITY PRESS
=040  \\$aUk$beng$cUk$dUk$erda
=042  \\$aissnuk$aukblsr
=082  04$a616.1205$223
=222  \0$aEuropean heart journal. Acute cardiovascular care$b(Online)
=245  00$aEuropean heart journal.$pAcute cardiovascular care.
=246  30$aAcute cardiovascular care
=264  \1$aLondon :$bSAGE Publications,$c2012-
=264  31$32021-$aOxford :$bOxford University Press
=310  \\$aEight times a year
=321  \\$aQuarterly
=336  \\$atext$2rdacontent
=337  \\$acomputer$2rdamedia
=338  \\$aonline resource$2rdacarrier
=362  0\$aVol. 1, issue 1 (Apr. 2012)-
=500  \\$aTitle from PDF cover page (SAGE journals, viewed November 27, 2013).
=540  \\$aCurrent Copyright Fee: GBP32.00$c29\0$5Uk
=588  \\$aLatest issue consulted: Volume 10, Issue 5, May 2021 (Oxford Academic, viewed August 5, 2021).
=776  08$iAlso issued in print as:$tEuropean heart journal. Acute cardiovascular care$x2048-8726
=852  41$aBritish Library$bHMNTS$jELD Digital store$3Volume 3:Issue 1(2014:Mar.)-***Previous issues available in print copy
=856  40$uhttps://academic.oup.com/ehjacc/issue
=856  \\$31850-9999$uhttp://www.uk.sagepub.com/home.nav$xBLDSS
=856  40$uhttp://acc.sagepub.com/
=859  \\$aXLD$bejournal$cSFX
=859  \\$aELD$bejournal
=945  \\$aEuropean heart journal acute cardiovascular care
=959  \\$fCurrently available
=979  \\$aBritish Library$bDSC$j3829.717502N
=ACF  \\$aPrevious Copyright Fee: GBP19.39$c19\0$e28-aug-2014$fGBP19.39$g0$hP$5Uk
=ACF  \\$aPrevious copyright fee: GBP20.65$c19\0$e01-apr-2015$fGBP20.65$g0$hP$5Uk
=ACF  \\$aPrevious copyright fee: GBP21.33$c19\0$e01-jul-2015$fGBP21.33$g0$hP$5Uk
=ACF  \\$aPrevious copyright fee: GBP20.65$c19\0$e01-oct-2015$fGBP20.65$g0$hP$5Uk
=ACF  \\$aPrevious copyright fee: GBP24.83$c19\0$e01-apr-2016$fGBP24.83$g0$hP$5Uk
=ACF  \\$aPrevious copyright fee: GBP26.67$c19\0$e01-oct-2016$fGBP26.67$g0$hP$5Uk
=ACF  \\$aPrevious copyright fee: GBP27.69$c19\0$e01-oct-2017$fGBP27.69$g0$hP$5Uk
=ACF  \\$aPrevious copyright fee: GBP28.80$c19\0$e01-apr-2017$fGBP28.80$g0$hP$5Uk
=ACF  \\$aPrevious copyright fee: GBP30.77$c19\0$e15-mar-2018$fGBP30.77$g0$hP$5Uk
=ACF  \\$aPrevious copyright fee: GBP28.57$c19\0$e01-apr-2018$fGBP28.57$g0$hP$5Uk
=ACF  \\$aPrevious copyright fee: GBP30.77$c19\0$e01-oct-2018$fGBP30.77$g0$hP$5Uk
=ACF  \\$aPrevious copyright fee: GBP32.31$c19\0$e01-jul-2019$fGBP32.31$g0$hP$5Uk
=ACF  \\$aPrevious copyright fee: GBP33.60$c19\0$e01-oct-2019$fGBP33.60$g0$hP$5Uk
=ACF  \\$aPrevious copyright fee: GBP33.52$c19\0$e01-apr-2020$fGBP33.52$g0$hP$5Uk
=ACF  \\$aPrevious copyright fee: GBP34.86$c19\0$e01-jul-2020$fGBP34.86$g0$hP$5Uk
=ACF  \\$aPrevious Copyright Fee: GBP20.00$c29\0$e01-jan-2021$fGBP20.00$g0$hP$5Uk
=CAT  \\$a11315$b40$c20111013$lBLL01$h1429
=CAT  \\$aIPL-CLA$c20180930$lBLL01$h1514
=CAT  \\$aBATCH-UPD$b00$c20190521$lBLL01$h1412
=CAT  \\$aIPL-CLA$c20190630$lBLL01$h1545
=CAT  \\$aBATCH-UPD$b00$c20190829$lBLL01$h1529
=CAT  \\$aIPL-CLA$c20190930$lBLL01$h1650
=CAT  \\$aBATCH-UPD$b00$c20200219$lBLL01$h1516
=CAT  \\$aIPL-CLA$c20200331$lBLL01$h1627
=CAT  \\$aBATCH-UPD$b00$c20200522$lBLL01$h1459
=CAT  \\$aIPL-CLA$c20200701$lBLL01$h0112
=CAT  \\$a15005$b40$c20201007$lBLL01$h1043
=CAT  \\$a5552$b40$c20201215$lBLL01$h1228
=CAT  \\$aIPL-CLA$c20201231$lBLL01$h1532
=CAT  \\$a14586$b40$c20210426$lBLL01$h1241
=CAT  \\$a8124$b40$c20210805$lBLL01$h1201
=CAT  \\$a10806$b40$c20211201$lBLL01$h0754
=CAT  \\$aBATCH-UPD$b40$c20220308$lBLL01$h1735
=CAT  \\$aIPL-CLA$c20220331$lBLL01$h1952
=CAT  \\$a12654$b40$c20230125$lBLL01$h1228
=CAT  \\$a12654$b40$c20230125$lBLL01$h1242
=CAT  \\$aS2302-1302$c20230322$lBLL01$h1707
=CAT  \\$aS2302-1302$c20230322$lBLL01$h1708
=CAT  \\$aS2302-1302$c20230323$lBLL01$h1443
=CAT  \\$aIPL-CLA$c20230331$lBLL01$h1547
=CAT  \\$aS2304-0519$c20230412$lBLL01$h1140
=CAT  \\$aBATCH-SUPP$c20230426$lBLL01$h1110
=CFI  0\$aCurrent Copyright Fee: GBP32.00$c29\0$e01-apr-2023$fGBP32.00$g0$hP$5Uk
=CFI  2\$aPrevious copyright fee: GBP22.00$c29\0$e01-apr-2022$fGBP22.00$g0$hP$5Uk
=FFP  \\$aY$bBLDSS-3PM
=FIN  \\$aY$d20120607
=FMT  \\$a  SE
=LAS  \\$aBATCH-SUPP$b00$c20230426$lBLL01$h1110
=LET  \0$aEuropean heart journal. Acute cardiovascular care (Electronic)
=LKR  \\$aPAR$b015949157$lBLL01$nEuropean heart journal. Acute cardiovascular care (Print)$mEuropean heart journal. Acute cardiovascular care (Online)$r776
=MNI  \\$a2048-8726
=TCO  \\$aCLA$bCLA$c008
=TOC  \\$aETOC
=UNO  \\$aY

