=LDR  06174cas a2201285 a 4500
=001  016006975
=003  Uk
=005  20230426111031.0
=006  m\\\\fo\\d\\\\\\\\
=007  cr\|||||||||||
=008  021114c20039999enkbr\p\o\\\\\0\\\a0eng\c
=010  \\$a2002213979
=015  \\$aGBB7C3021$2bnb
=022  0\$a1542-4774$202
=035  \\$a(OCoLC)51003412$z(OCoLC)535497575$z(OCoLC)608088476
=037  \\$ajeea$bOxford University Press
=037  2\$aISSN_15424766_2$bPortico$nWiley
=037  3\$aISSN_15424766_4$bPortico$nOxford University Press
=040  \\$aNSD$beng$cNSD$dOCLCQ$dNSD$dOCL$dMUQ$dUQ1$dEYM$dNSD$dOCLCQ$dDLC$dTXA$dOCLCQ$dUK
=042  \\$ansdp$aissnuk$aukblsr
=050  14$aHB1$b.J74
=082  04$a330$223
=130  0\$aJournal of the European Economic Association (Online)
=210  0\$aJ. Eur. Econ. Assoc.$b(Online)
=222  \0$aJournal of the European Economic Association$b(Online)
=245  10$aJournal of the European Economic Association$h[electronic resource].
=246  3\$aJEEA
=260  \\$aCambridge, MA :$bPublished by the MIT Press for the European Economic Association,$cc2003-
=260  2\$32011-2016 :$aOxford, UK :$bWiley-Blackwell
=264  31$32017-$a[Oxford] :$bOxford University Press
=310  \\$aSix issues a year
=336  \\$atext$2rdacontent
=337  \\$acomputer$2rdamedia
=338  \\$aonline resource$2rdacarrier
=362  1\$aBegan with: Vol. 1, issue 1 (Mar. 2003).
=515  \\$aVol. 1, issue 1 called also: Inaugural issue.
=515  \\$aOne combined issue each year contains papers from the previous year's EEA Congress.
=538  \\$aMode of access: World Wide Web.
=540  \\$aCurrent Copyright Fee: GBP32.00$c29\0$5Uk
=588  \\$aDescription based on: Vol. 1, issue 1 (Mar. 2003); title from PDF article running title (Wiley online library, viewed Apr. 17, 2012).
=588  \\$aLatest issue consulted: volume 15, issue 3 (July 2017) (viewed July 18, 2017).
=650  \0$aEconomics$vPeriodicals.
=650  \6$aÉconomie politique$xPériodiques.
=650  17$aScience économique.$2rasuqam
=655  \7$aPériodique électronique (Descripteur de forme)$2rasuqam
=655  \7$aRessource Internet (Descripteur de forme)$2rasuqam
=690  7\$aManagement and Business Studies$2blcoll
=710  2\$aEuropean Economic Association.
=710  2\$aEuropean Economic Association.$bCongress.
=776  08$iPrint version:$tJournal of the European Economic Association$x1542-4766
=852  41$aBritish Library$bHMNTS$jELD Digital store$3Volume 11:Issue 1(2013:Feb.)-***Previous issues available in print copy
=856  \\$31850-9999$uhttp://onlinelibrary.wiley.com/$xBLDSS
=856  4\$uhttp://firstsearch.oclc.org$zAddress for accessing the journal using authorization number and password through OCLC FirstSearch Electronic Collections Online
=856  4\$uhttp://firstsearch.oclc.org/journal=1542-4766;screen=info;ECOIP$zAddress for accessing the journal from an authorized IP address through OCLC FirstSearch Electronic Collections Online
=856  4\$uhttp://onlinelibrary.wiley.com/journal/10.1111/(ISSN)1542-4774
=856  40$uhttp://onlinelibrary.wiley.com/journal/10.1111/%28ISSN%291542-4774
=856  40$uhttp://onlinelibrary.wiley.com/journal/10.1111/(ISSN)1542-4774
=856  40$uhttp://www.ingentaselect.com/rpsv/cw/mitpress/15424766/contp1.htm
=856  40$uhttp://www.jstor.org/journals/15424766.html
=856  40$uhttp://www.jeea.org/
=856  40$uhttps://academic.oup.com/jeea
=859  \\$aXLD$bejournal$cSFX
=859  \\$aELD$bejournal
=945  \\$aJournal of the European Economic Association.
=959  \\$fCurrently available
=979  \\$aBritish Library$bDSC$j4741.633500
=985  \\$aISSN description based on journal homepage, viewed 13/01/12.
=985  \\$aResponsibility for ISSN transferred to ISSN UK from the ISSN US Centre, 13/01/12.
=ACF  \\$aPrevious copyright fee: GBP24.00$c35\0$e01-mar-2015$fGBP24.00$g0$hP$5Uk
=ACF  \\$aPrevious copyright fee: GBP26.00$c29\0$e01-jan-2017$fGBP26.00$g0$hP$5Uk
=ACF  \\$aPrevious copyright fee: GBP27.00$c29\0$e01-jan-2018$fGBP27.00$g0$hP$5Uk
=ACF  \\$aPrevious copyright fee: GBP28.00$c29\0$e01-jan-2019$fGBP28.00$g0$hP$5Uk
=ACF  \\$aPrevious Copyright Fee: GBP20.00$c29\0$e01-jan-2020$fGBP20.00$g0$hP$5Uk
=CAT  \\$a11315$b40$c20120113$lBLL01$h1057
=CAT  \\$aBLDSS-3PM$b00$c20161123$lBLL01$h1724
=CAT  \\$aBATCH-UPD$b00$c20161123$lBLL01$h1810
=CAT  \\$a11450$b40$c20161128$lBLL01$h1131
=CAT  \\$a5552$b40$c20161223$lBLL01$h0927
=CAT  \\$aIPL-CLA$c20161230$lBLL01$h2359
=CAT  \\$aBATCH-UPD$b00$c20170104$lBLL01$h0049
=CAT  \\$a8055$b40$c20170711$lBLL01$h1133
=CAT  \\$a10806$b40$c20170718$lBLL01$h1135
=CAT  \\$a10806$b40$c20170718$lBLL01$h1136
=CAT  \\$aBATCH-UPD$b40$c20171121$lBLL01$h1705
=CAT  \\$aW1711-1005$c20171206$lBLL01$h1824
=CAT  \\$aIPL-CLA$c20171231$lBLL01$h1811
=CAT  \\$aBATCH-UPD$b00$c20181217$lBLL01$h1653
=CAT  \\$aIPL-CLA$c20181231$lBLL01$h1551
=CAT  \\$a15005$b40$c20191012$lBLL01$h1310
=CAT  \\$aR1911-1518$c20191206$lBLL01$h1419
=CAT  \\$aIPL-CLA$c20191231$lBLL01$h2030
=CAT  \\$aBATCH-UPD$b00$c20220308$lBLL01$h1735
=CAT  \\$aIPL-CLA$c20220331$lBLL01$h1952
=CAT  \\$a12654$b40$c20230223$lBLL01$h1056
=CAT  \\$aS2302-1302$c20230322$lBLL01$h1708
=CAT  \\$aS2302-1302$c20230323$lBLL01$h1443
=CAT  \\$aIPL-CLA$c20230331$lBLL01$h1547
=CAT  \\$aS2304-0519$c20230412$lBLL01$h1140
=CAT  \\$aBATCH-SUPP$c20230426$lBLL01$h1110
=CFI  0\$aCurrent Copyright Fee: GBP32.00$c29\0$e01-apr-2023$fGBP32.00$g0$hP$5Uk
=CFI  2\$aPrevious copyright fee: GBP22.00$c29\0$e01-apr-2022$fGBP22.00$g0$hP$5Uk
=FFP  \\$aY$bBLDSS-3PM
=FIN  \\$aY$d20120113
=FMT  \\$a  SE
=LAS  \\$aBATCH-SUPP$b00$c20230426$lBLL01$h1110
=LKR  \\$aPAR$b010485015$lBLL01$r776$mJournal of the European Economic Association (Online)$nJournal of the European Economic Association
=MNI  \\$a1542-4766
=SID  \\$aZ39$bOCLC
=TCO  \\$aCLA$bCLA$c008
=UNO  \\$aY

