=LDR  04203cas a2200997 i 4500
=001  016013530
=003  Uk
=005  20230426111031.0
=006  m\\\\\\\\d\|\\\\\\
=007  cr||||||||||||
=008  120123c20139999enktr\p\s\\\\\0\\\a0eng\\
=015  \\$aGBB409343$2bnb
=022  0\$a2049-5846$202
=037  \\$amigration$bOxford University Press
=037  3\$aISSN_20495838$bPortico$nOxford University Press
=040  \\$aUk$beng$cUk$erda
=042  \\$aissnuk$aukblsr
=082  04$a304.805$223
=130  0\$aMigration studies (Oxford, England)
=222  \0$aMigration studies$b(Online)
=245  10$aMigration studies.
=264  \1$aOxford :$bOxford University Press,$c2013-
=310  \\$aThree issues yearly
=336  \\$atext$2rdacontent
=337  \\$acomputer$2rdamedia
=338  \\$aonline resource$2rdacarrier
=362  0\$aVolume 1, number 1 (March 2013)-
=500  \\$aTitle from PDF front cover (Oxford Journals website, viewed January 23, 2014).
=540  \\$aCurrent Copyright Fee: GBP33.00$c29\0$5Uk
=588  \\$aLatest issue consulted: volume 1, number 3 (November 2013) (viewed January 23, 2014).
=650  \0$aEmigration and immigration$vPeriodicals.
=650  \0$aForced migration$vPeriodicals.
=690  7\$aSocial Welfare$2blcoll
=776  0\$iAlso issued in print as:$tMigration studies (Oxford, England)$x2049-5838
=852  41$aBritish Library$bHMNTS$jELD Digital store$3Volume 2:Number 1(2014:Mar.)-
=856  \\$31850-9999$uhttp://www.oxfordjournals.org$xBLDSS
=856  40$uhttp://migration.oxfordjournals.org/$zTo subscribe
=859  \\$aELD$bejournal
=859  \\$aXLD$bejournal$cSFX
=945  \\$aMigration studies.
=959  \\$fCurrently available
=979  \\$aBritish Library$bDSC$j5761.533700N
=985  \\$aISSN description based on: volume 1, number 1 (March 2013) ; title from pdf (viewed May 24, 2013).
=ACF  \\$aPrevious copyright fee: GBP23.00$c29\0$e10-mar-2015$fGBP23.00$g0$hP$5Uk
=ACF  \\$aPrevious copyright fee: GBP24.00$c29\0$e01-jan-2016$fGBP24.00$g0$hP$5Uk
=ACF  \\$aPrevious copyright fee: GBP26.00$c29\0$e01-jan-2017$fGBP26.00$g0$hP$5Uk
=ACF  \\$aPrevious copyright fee: GBP27.00$c29\0$e01-jan-2018$fGBP27.00$g0$hP$5Uk
=ACF  \\$aPrevious copyright fee: GBP28.00$c29\0$e01-jan-2019$fGBP28.00$g0$hP$5Uk
=ACF  \\$aPrevious Copyright Fee: GBP20.00$c29\0$e01-jan-2020$fGBP20.00$g0$hP$5Uk
=CAT  \\$a10973$b40$c20120123$lBLL01$h1509
=CAT  \\$aIPL-CLA$c20151231$lBLL01$h1934
=CAT  \\$aBATCH-UPD$b00$c20160413$lBLL01$h1825
=CAT  \\$aBATCH-UPD$b00$c20160524$lBLL01$h2214
=CAT  \\$aBATCH-UPD$b00$c20160525$lBLL01$h0054
=CAT  \\$a5552$b40$c20161117$lBLL01$h0838
=CAT  \\$aBATCH-UPD$b40$c20161122$lBLL01$h1522
=CAT  \\$aIPL-CLA$c20161231$lBLL01$h0000
=CAT  \\$aBATCH-UPD$b00$c20171121$lBLL01$h1705
=CAT  \\$aW1711-1005$c20171206$lBLL01$h1824
=CAT  \\$aIPL-CLA$c20171231$lBLL01$h1811
=CAT  \\$a5410$b40$c20181120$lBLL01$h1203
=CAT  \\$aBATCH-UPD$b40$c20181217$lBLL01$h1653
=CAT  \\$aIPL-CLA$c20181231$lBLL01$h1551
=CAT  \\$aW1910-0530$c20191007$lBLL01$h1114
=CAT  \\$aR1911-1518$c20191206$lBLL01$h1418
=CAT  \\$aIPL-CLA$c20191231$lBLL01$h2030
=CAT  \\$a5410$b40$c20200914$lBLL01$h0959
=CAT  \\$aBATCH-UPD$b40$c20220308$lBLL01$h1735
=CAT  \\$aIPL-CLA$c20220331$lBLL01$h1952
=CAT  \\$a12654$b40$c20230228$lBLL01$h0900
=CAT  \\$aS2302-1302$c20230322$lBLL01$h1708
=CAT  \\$aS2302-1302$c20230323$lBLL01$h1443
=CAT  \\$aIPL-CLA$c20230331$lBLL01$h1547
=CAT  \\$aS2304-0519$c20230412$lBLL01$h1140
=CAT  \\$aBATCH-SUPP$c20230426$lBLL01$h1110
=CFI  0\$aCurrent Copyright Fee: GBP33.00$c29\0$e01-apr-2023$fGBP33.00$g0$hP$5Uk
=CFI  2\$aPrevious copyright fee: GBP22.00$c29\0$e01-apr-2022$fGBP22.00$g0$hP$5Uk
=FFP  \\$aY$bBLDSS-3PM
=FIN  \\$aY$d20130524
=FMT  \\$a  SE
=LAS  \\$aBATCH-SUPP$b00$c20230426$lBLL01$h1110
=LET  \0$aMigration studies (Electronic)
=LKR  \\$aPAR$b016013529$lBLL01$nMigration studies (Print)$mMigration studies (Online)$r776
=MNI  \\$a2049-5838
=TOC  \\$aETOC
=UNO  \\$aY

