=LDR  05284cas a2201213 a 4500
=001  016019228
=003  Uk
=005  20230426111032.0
=006  m\\\\\\\\d\\\\\\\\
=007  cr\|||||||||||
=008  010517c19699999enkfr\pss\go\\0\\\a0eng\c
=010  \\$a2001233601
=015  \\$aGBB407080$2bnb
=022  0\$a2049-6494$l0065-8995$202
=035  \\$a(WaSeSS)ssj0004012
=035  \\$a(StGlU)b22152933
=037  \\$aajj$bOxford University Press
=037  3\$aISSN_00658995$bPortico$nOxford University Press
=038  \\$aOCoLC
=040  \\$aGU$beng$cGU$dOCoLC$dMiU$dDS$dOCoLC$dDLC$dOCoLC$dOCLCO$dDLC$dWaSeSS$dUk
=042  \\$aissnuk$aukblsr
=050  14$aK14$b.A867
=082  04$a340$223
=130  0\$aAmerican journal of jurisprudence (Online)
=210  0\$aAm. J. Juris$b(Online)
=222  \4$aThe American journal of jurisprudence$b(Online)
=245  14$aThe American journal of jurisprudence$h[electronic resource].
=260  \\$a[Notre Dame, Ind.] :$bNotre Dame Law School,$c1969-
=260  3\$3<2013->:$a[Oxford, UK] :$bOxford University Press
=310  \\$aSemiannual,$b2013-
=321  \\$aAnnual,$b-2012
=336  \\$atext$2rdacontent
=337  \\$acomputer$2rdamedia
=338  \\$aonline resource$2rdacarrier
=362  0\$aVol. 14 (1969)-
=500  \\$aTitle from title screen (Hein Online, viewed Nov. 19, 2004).
=515  \\$aEach article within a volume bears a unique number.
=540  \\$aCurrent Copyright Fee: GBP33.00$c29\0$5Uk
=550  \\$aIssued by: Notre Dame Law School, Natural Law Institute, 1975-.
=580  \\$aIncludes issues of earlier title: Natural law forum.
=588  \\$aLatest issue consulted: volume 58, number 2 (2013) (Oxford journals, viewed January 16, 2014).
=650  \0$aJurisprudence$vPeriodicals.
=650  \0$aNatural law$vPeriodicals.
=650  \0$aLaw$xPhilosophy$vPeriodicals.
=650  \0$aLaw reviews$zIndiana$vPeriodicals.
=710  2\$aUniversity of Notre Dame.$bLaw School.
=710  2\$aUniversity of Notre Dame.$bNatural Law Institute.
=776  08$iAlso issued in print as:$tAmerican journal of jurisprudence$x0065-8995
=780  10$tNatural law forum (Online)
=852  41$aBritish Library$bHMNTS$jELD Digital store$3Volume 59:Number 1(2014:Jun.)-***Previous issues available in print copy
=856  \\$31850-9999$uhttp://ukcatalogue.oup.com/$xBLDSS
=856  4\$uhttp://ajj.oxfordjournals.org/
=859  \\$aELD$bejournal
=859  \\$aXLD$bejournal$cSFX
=945  \\$aAmerican journal of jurisprudence.
=959  \\$fCurrently available
=979  \\$aBritish Library$bDSC$j0826.850000
=ACF  \\$aBritish Library not licensed to copy$c0$e01-jul-2013$hC$iCFP Excluded$5Uk
=ACF  \\$aBritish Library not licensed to copy$c0$e01-apr-2013$hC$iCFP Excluded$5Uk
=ACF  \\$aPrevious copyright fee: GBP20.00$c29\0$e22-jul-2013$fGBP20.00$g0$hP$5Uk
=ACF  \\$aPrevious copyright fee: GBP23.00$c29\0$e01-jan-2015$fGBP23.00$g0$hP$5Uk
=ACF  \\$aPrevious copyright fee: GBP24.00$c29\0$e01-jan-2016$fGBP24.00$g0$hP$5Uk
=ACF  \\$aPrevious copyright fee: GBP26.00$c29\0$e01-jan-2017$fGBP26.00$g0$hP$5Uk
=ACF  \\$aPrevious copyright fee: GBP27.00$c29\0$e01-jan-2018$fGBP27.00$g0$hP$5Uk
=ACF  \\$aPrevious copyright fee: GBP28.00$c29\0$e01-jan-2019$fGBP28.00$g0$hP$5Uk
=ACF  \\$aPrevious Copyright Fee: GBP20.00$c29\0$e01-jan-2020$fGBP20.00$g0$hP$5Uk
=CAT  \\$a10806$b40$c20120131$lBLL01$h1435
=CAT  \\$aBATCH-UPD$b00$c20151119$lBLL01$h1552
=CAT  \\$aIPL-CLA$c20151231$lBLL01$h1934
=CAT  \\$aBATCH-UPD$b00$c20160413$lBLL01$h1825
=CAT  \\$aBATCH-UPD$b00$c20160524$lBLL01$h2214
=CAT  \\$aBATCH-UPD$b00$c20160525$lBLL01$h0054
=CAT  \\$a5552$b40$c20161108$lBLL01$h1415
=CAT  \\$aBATCH-UPD$b40$c20161122$lBLL01$h1522
=CAT  \\$aIPL-CLA$c20161231$lBLL01$h0000
=CAT  \\$aBATCH-UPD$b00$c20171121$lBLL01$h1705
=CAT  \\$aW1711-1005$c20171206$lBLL01$h1824
=CAT  \\$aIPL-CLA$c20171231$lBLL01$h1811
=CAT  \\$aBATCH-UPD$b00$c20181217$lBLL01$h1653
=CAT  \\$aIPL-CLA$c20181231$lBLL01$h1551
=CAT  \\$aW1910-0530$c20191007$lBLL01$h1114
=CAT  \\$aR1911-1518$c20191206$lBLL01$h1419
=CAT  \\$aIPL-CLA$c20191231$lBLL01$h2030
=CAT  \\$aBATCH-UPD$b00$c20220308$lBLL01$h1735
=CAT  \\$aIPL-CLA$c20220331$lBLL01$h1952
=CAT  \\$a12654$b40$c20221219$lBLL01$h1252
=CAT  \\$aS2302-1302$c20230322$lBLL01$h1707
=CAT  \\$aS2302-1302$c20230322$lBLL01$h1708
=CAT  \\$aS2302-1302$c20230323$lBLL01$h1443
=CAT  \\$aIPL-CLA$c20230331$lBLL01$h1547
=CAT  \\$aS2304-0519$c20230412$lBLL01$h1140
=CAT  \\$aBATCH-SUPP$c20230426$lBLL01$h1110
=CFI  0\$aCurrent Copyright Fee: GBP33.00$c29\0$e01-apr-2023$fGBP33.00$g0$hP$5Uk
=CFI  2\$aPrevious copyright fee: GBP22.00$c29\0$e01-apr-2022$fGBP22.00$g0$hP$5Uk
=FFP  \\$aY$bBLDSS-3PM
=FIN  \\$aY$d20130626
=FMT  \\$a  SE
=LAS  \\$aBATCH-SUPP$b00$c20230426$lBLL01$h1110
=LET  \4$aThe American journal of jurisprudence (Electronic)
=LKR  \\$aPAR$b009829413$lBLL01$nAmerican journal of jurisprudence (Print)$mAmerican journal of jurisprudence (Online)$r776
=MNI  \\$a0065-8995
=SID  \\$aZ39$bRLUK
=TOC  \\$aETOC
=UNO  \\$aY

