=LDR  04150cas a2200985 i 4500
=001  016048043
=003  Uk
=005  20230426111033.0
=006  m\\\\\\\\d\|\\\\\\
=007  cr||||||||||||
=008  120313c20129999enkfr\p\s\\\\\0\\\a0eng\\
=015  \\$aGBB411920$2bnb
=022  0\$a2049-8772$202
=037  \\$aimaiai$bOxford University Press
=037  3\$aISSN_20498764$bPortico$nOxford University Press
=040  \\$aUk$beng$cUk$erda
=042  \\$aissnuk$aukblsr
=082  04$a519.605$223
=222  \0$aInformation and inference$b(Online)
=245  00$aInformation and inference. :$ba journal of the IMA.
=264  \1$aOxford :$bOxford University Press,$c2012-
=300  \\$bSemiannual
=310  \\$aSemiannual
=336  \\$atext$2rdacontent
=337  \\$acomputer$2rdamedia
=338  \\$aonline resource$2rdacarrier
=362  0\$aVolume 1, number 1 (December 2012)-
=500  \\$aTitle from front matter (PDF) (Oxford journals, viewed January 31, 2014).
=540  \\$aCurrent Copyright Fee: GBP13.00$c29\0$5Uk
=550  \\$aPublished for the Institute of Mathematics and its Applications.
=588  \\$aLatest issue consulted: volume 2, number 2 (December 2013) (viewed January 31, 2014).
=650  \0$aMathematical models$vPeriodicals.
=710  2\$aInstitute of Mathematics and Its Applications,$eissuing body.
=776  08$iAlso issue in print:$tInformation and inference$x2049-8764
=852  41$aBritish Library$bHMNTS$jELD Digital store$3Volume 3:Number 1(2014)-
=856  \\$31850-9999$uhttp://ukcatalogue.oup.com/$xBLDSS
=856  40$uhttp://imaiai.oxfordjournals.org/
=859  \\$aXLD$bejournal$cSFX
=859  \\$aELD$bejournal
=945  \\$aInformation and inference.
=959  \\$fCurrently available
=979  \\$aBritish Library$bDSC$j4481.823000N
=ACF  \\$aPrevious Copyright Fee: GBP30.00$c29\0$e01-jan-2014$fGBP30.00$g0$hP$5Uk
=ACF  \\$aPrevious copyright fee: GBP36.00$c29\0$e01-jan-2016$fGBP36.00$g0$hP$5Uk
=ACF  \\$aPrevious copyright fee: GBP38.00$c29\0$e01-jan-2017$fGBP38.00$g0$hP$5Uk
=ACF  \\$aPrevious copyright fee: GBP40.00$c29\0$e01-jan-2018$fGBP40.00$g0$hP$5Uk
=ACF  \\$aPrevious copyright fee: GBP41.00$c29\0$e01-jan-2019$fGBP41.00$g0$hP$5Uk
=ACF  \\$aPrevious Copyright Fee: GBP10.00$c29\0$e01-jan-2020$fGBP10.00$g0$hP$5Uk
=CAT  \\$a10973$b40$c20120313$lBLL01$h1025
=CAT  \\$aIPL-CLA$c20151231$lBLL01$h1934
=CAT  \\$aBATCH-UPD$b00$c20160413$lBLL01$h1826
=CAT  \\$aBATCH-UPD$b00$c20160524$lBLL01$h2214
=CAT  \\$aBATCH-UPD$b00$c20160525$lBLL01$h0054
=CAT  \\$a5552$b40$c20161111$lBLL01$h1057
=CAT  \\$aBATCH-UPD$b40$c20161122$lBLL01$h1523
=CAT  \\$aIPL-CLA$c20161231$lBLL01$h0001
=CAT  \\$a5410$b40$c20170831$lBLL01$h0826
=CAT  \\$aBATCH-UPD$b40$c20171121$lBLL01$h1658
=CAT  \\$aW1711-1005$c20171206$lBLL01$h1824
=CAT  \\$aIPL-CLA$c20171231$lBLL01$h1812
=CAT  \\$aBATCH-UPD$b00$c20181217$lBLL01$h1655
=CAT  \\$aIPL-CLA$c20181231$lBLL01$h1552
=CAT  \\$aW1910-0530$c20191007$lBLL01$h1114
=CAT  \\$a5410$b40$c20191107$lBLL01$h0857
=CAT  \\$aR1911-1518$c20191206$lBLL01$h1433
=CAT  \\$aIPL-CLA$c20191231$lBLL01$h2030
=CAT  \\$aBATCH-UPD$b00$c20220308$lBLL01$h1739
=CAT  \\$aIPL-CLA$c20220331$lBLL01$h1952
=CAT  \\$a12654$b40$c20230201$lBLL01$h1050
=CAT  \\$aS2302-1302$c20230322$lBLL01$h1708
=CAT  \\$aS2302-1302$c20230323$lBLL01$h1443
=CAT  \\$aIPL-CLA$c20230331$lBLL01$h1547
=CAT  \\$aS2304-0519$c20230412$lBLL01$h1140
=CAT  \\$aBATCH-SUPP$c20230426$lBLL01$h1110
=CFI  0\$aCurrent Copyright Fee: GBP13.00$c29\0$e01-apr-2023$fGBP13.00$g0$hP$5Uk
=CFI  2\$aPrevious copyright fee: GBP11.00$c29\0$e01-apr-2022$fGBP11.00$g0$hP$5Uk
=FFP  \\$aY$bBLDSS-3PM
=FIN  \\$aY$d20130220
=FMT  \\$a  SE
=LAS  \\$aBATCH-SUPP$b00$c20230426$lBLL01$h1110
=LET  \0$aInformation and inference (Electronic)
=LKR  \\$aPAR$b016048042$lBLL01$nInformation and inference (Print)$mInformation and inference (Online)$r776
=MNI  \\$a2049-8764
=TOC  \\$aETOC
=UNO  \\$aY

