=LDR  04489cas a2201033 i 4500
=001  016096475
=003  Uk
=005  20230426111035.0
=006  m\\\\\\\\d\|\\\\\\
=007  cr||||||||||||
=008  120531c20139999enkfr\poo\\\\\0\\\a0eng\\
=015  \\$aGBB409406$2bnb
=022  0\$a2050-4810$202
=037  \\$acjcl$bOxford University Press
=037  3\$aISSN_20504802$bPortico$nOxford University Press
=040  \\$aUk$beng$cUk$erda
=042  \\$aissnuk$aukblsr
=082  04$a340.2$223
=222  \4$aThe Chinese journal of comparative law$b(Online)
=245  04$aThe Chinese journal of comparative law.
=246  13$aCJCL
=264  \1$aOxford :$bOxford University Press,$c2013-
=310  \\$aSemiannual
=336  \\$atext$2rdacontent
=337  \\$acomputer$2rdamedia
=338  \\$aonline resource$2rdacarrier
=362  0\$aVolume 1, number 1 (March 2013)-
=500  \\$aTitle from front matter (PDF) (Oxford journals, viewed January 23, 2013).
=540  \\$aCurrent Copyright Fee: GBP32.00$c29\0$5Uk
=550  \\$a"Published under the auspices of the International Academy of Comparative Law."
=588  \\$aLatest issue consulted: volume 1, number 2 (October 2013); viewed January 23, 2014.
=650  \0$aComparative law$vPeriodicals.
=650  \0$aLaw$zChina$vPeriodicals.
=710  2\$aInternational Academy of Comparative Law.
=776  08$iAlso issued in print as:$tChinese journal of comparative law$x2050-4802
=852  41$aBritish Library$bHMNTS$jELD Digital store$3Volume 2:Number 1(2014)-
=856  \\$31850-9999$uhttp://ukcatalogue.oup.com/$xBLDSS
=856  40$uhttp://cjcl.oxfordjournals.org/
=859  \\$aXLD$bejournal$cSFX
=859  \\$aELD$bejournal
=945  \\$aChinese journal of comparative law.
=959  \\$fCurrently available
=979  \\$aBritish Library$bDSC$j3180.306800N
=ACF  \\$aPrevious Copyright Fee: GBP16.00$c0$e01-oct-2013$fGBP16.00$g0$hC$5Uk
=ACF  \\$aBritish Library not licensed to copy$c0$e01-apr-2013$hC$iCFP Excluded$5Uk
=ACF  \\$aPrevious copyright fee: GBP20.00$c29\0$e21-feb-2014$fGBP20.00$g0$hP$5Uk
=ACF  \\$aPrevious copyright fee: GBP23.00$c29\0$e01-jan-2015$fGBP23.00$g0$hP$5Uk
=ACF  \\$aPrevious copyright fee: GBP24.00$c29\0$e01-jan-2016$fGBP24.00$g0$hP$5Uk
=ACF  \\$aPrevious copyright fee: GBP26.00$c29\0$e01-jan-2017$fGBP26.00$g0$hP$5Uk
=ACF  \\$aPrevious copyright fee: GBP27.00$c29\0$e01-jan-2018$fGBP27.00$g0$hP$5Uk
=ACF  \\$aPrevious copyright fee: GBP28.00$c29\0$e01-jan-2019$fGBP28.00$g0$hP$5Uk
=ACF  \\$aPrevious Copyright Fee: GBP20.00$c29\0$e01-jan-2020$fGBP20.00$g0$hP$5Uk
=CAT  \\$a11315$b40$c20120531$lBLL01$h0945
=CAT  \\$aBATCH-UPD$b00$c20151119$lBLL01$h1552
=CAT  \\$aIPL-CLA$c20151231$lBLL01$h1934
=CAT  \\$aBATCH-UPD$b00$c20160413$lBLL01$h1826
=CAT  \\$aBATCH-UPD$b00$c20160524$lBLL01$h2214
=CAT  \\$aBATCH-UPD$b00$c20160525$lBLL01$h0055
=CAT  \\$a5552$b40$c20161109$lBLL01$h1425
=CAT  \\$aBATCH-UPD$b40$c20161122$lBLL01$h1522
=CAT  \\$aIPL-CLA$c20161231$lBLL01$h0003
=CAT  \\$aBATCH-UPD$b00$c20171121$lBLL01$h1705
=CAT  \\$aW1711-1005$c20171206$lBLL01$h1824
=CAT  \\$aIPL-CLA$c20171231$lBLL01$h1813
=CAT  \\$aBATCH-UPD$b00$c20181217$lBLL01$h1653
=CAT  \\$aIPL-CLA$c20181231$lBLL01$h1552
=CAT  \\$aW1910-0530$c20191007$lBLL01$h1114
=CAT  \\$aR1911-1518$c20191206$lBLL01$h1418
=CAT  \\$aIPL-CLA$c20191231$lBLL01$h2031
=CAT  \\$aBATCH-UPD$b00$c20220308$lBLL01$h1735
=CAT  \\$aIPL-CLA$c20220331$lBLL01$h1952
=CAT  \\$a12654$b40$c20230123$lBLL01$h1422
=CAT  \\$aS2302-1302$c20230322$lBLL01$h1707
=CAT  \\$aS2302-1302$c20230322$lBLL01$h1708
=CAT  \\$aS2302-1302$c20230323$lBLL01$h1443
=CAT  \\$aIPL-CLA$c20230331$lBLL01$h1547
=CAT  \\$aS2304-0519$c20230412$lBLL01$h1140
=CAT  \\$aBATCH-SUPP$c20230426$lBLL01$h1110
=CFI  0\$aCurrent Copyright Fee: GBP32.00$c29\0$e01-apr-2023$fGBP32.00$g0$hP$5Uk
=CFI  2\$aPrevious copyright fee: GBP22.00$c29\0$e01-apr-2022$fGBP22.00$g0$hP$5Uk
=FFP  \\$aY$bBLDSS-3PM
=FIN  \\$aY$d20130419
=FMT  \\$a  SE
=LAS  \\$aBATCH-SUPP$b00$c20230426$lBLL01$h1110
=LET  \4$aThe Chinese journal of comparative law (Electronic)
=LKR  \\$aPAR$b016096468$lBLL01$nChinese journal of comparative law (Print)$mChinese journal of comparative law (Online)$r776
=MNI  \\$a2050-4802
=TOC  \\$aETOC
=UNO  \\$aY

