=LDR  03900cas a2200937 i 4500
=001  016116263
=003  Uk
=005  20230426111036.0
=006  m\\\\\\\\d\|\\\\\\
=007  cr||||||||||||
=008  120702c20139999enkfr\p\o\\\\\0\\\a0eng\\
=015  \\$aGBB407694$2bnb
=022  0\$a2050-6333$202
=037  \\$alril$bOxford University Press
=037  3\$aISSN_20506325$bPortico$nOxford University Press
=040  \\$aUk$beng$cUk$erda
=042  \\$aissnuk$aukblsr
=082  04$a341.05$223
=222  \0$aLondon review of international law$b(Online)
=245  00$aLondon review of international law.
=264  \1$aOxford :$bOxford University Press,$c2013-
=310  \\$aSemiannual
=336  \\$atext$2rdacontent
=337  \\$acomputer$2rdamedia
=338  \\$aonline resource$2rdacarrier
=362  0\$aVolume 1, issue 1 (2013)-
=500  \\$aTitle from PDF cover (Oxford Journals website, viewed January 20. 2013).
=540  \\$aCurrent Copyright Fee: GBP33.00$c29\0$5Uk
=650  \0$aInternational law$vPeriodicals.
=776  08$iAlso issued in print as:$tLondon review of international law$x2050-6325
=852  41$aBritish Library$bHMNTS$jELD Digital store$3Volume 1:Part 1(2013)-
=856  \\$31850-9999$uhttp://www.oxfordjournals.org/$xBLDSS
=856  40$uhttp://lril.oxfordjournals.org/
=859  \\$aXLD$bejournal$cSFX
=859  \\$aELD$bejournal
=945  \\$aLondon review of international law.
=959  \\$fCurrently available
=979  \\$aBritish Library$cDSC$j5294.094450N
=985  \\$aISSN description based on: volume 1, issue 1; viewed on publishers website 7/11/2013.
=985  \\$aPrint not yet fully catalogued: not linked 20/1/14
=ACF  \\$aPrevious Copyright Fee: GBP16.00$c0$e01-apr-2014$fGBP16.00$g0$hC$5Uk
=ACF  \\$aPrevious copyright fee: GBP24.00$c29\0$e16-nov-2016$fGBP24.00$g0$hP$5Uk
=ACF  \\$aPrevious copyright fee: GBP26.00$c29\0$e01-jan-2017$fGBP26.00$g0$hP$5Uk
=ACF  \\$aPrevious copyright fee: GBP27.00$c29\0$e01-jan-2018$fGBP27.00$g0$hP$5Uk
=ACF  \\$aPrevious copyright fee: GBP28.00$c29\0$e01-jan-2019$fGBP28.00$g0$hP$5Uk
=ACF  \\$aPrevious Copyright Fee: GBP20.00$c29\0$e01-jan-2020$fGBP20.00$g0$hP$5Uk
=CAT  \\$a10973$b40$c20120702$lBLL01$h1043
=CAT  \\$a8124$b40$c20140121$lBLL01$h1211
=CAT  \\$a5552$b40$c20140221$lBLL01$h1435
=CAT  \\$aBATCH-CLA$b00$c20140228$lBLL01$h1612
=CAT  \\$aIPL-CLA$c20140331$lBLL01$h1641
=CAT  \\$a5552$b40$c20161116$lBLL01$h1403
=CAT  \\$aBATCH-UPD$b40$c20161122$lBLL01$h1522
=CAT  \\$aBLDSS-3PM$b00$c20161123$lBLL01$h1724
=CAT  \\$aBATCH-UPD$b00$c20161123$lBLL01$h1810
=CAT  \\$aIPL-CLA$c20161231$lBLL01$h0004
=CAT  \\$aBATCH-UPD$b00$c20171121$lBLL01$h1705
=CAT  \\$aW1711-1005$c20171206$lBLL01$h1824
=CAT  \\$aIPL-CLA$c20171231$lBLL01$h1814
=CAT  \\$aBATCH-UPD$b00$c20181217$lBLL01$h1653
=CAT  \\$aIPL-CLA$c20181231$lBLL01$h1552
=CAT  \\$aW1910-0530$c20191007$lBLL01$h1114
=CAT  \\$aR1911-1518$c20191206$lBLL01$h1418
=CAT  \\$aIPL-CLA$c20191231$lBLL01$h2032
=CAT  \\$aBATCH-UPD$b00$c20220308$lBLL01$h1735
=CAT  \\$aIPL-CLA$c20220331$lBLL01$h1952
=CAT  \\$a12654$b40$c20230224$lBLL01$h1244
=CAT  \\$aS2302-1302$c20230322$lBLL01$h1708
=CAT  \\$aS2302-1302$c20230323$lBLL01$h1443
=CAT  \\$aIPL-CLA$c20230331$lBLL01$h1547
=CAT  \\$aS2304-0519$c20230412$lBLL01$h1140
=CAT  \\$aBATCH-SUPP$c20230426$lBLL01$h1110
=CFI  0\$aCurrent Copyright Fee: GBP33.00$c29\0$e01-apr-2023$fGBP33.00$g0$hP$5Uk
=CFI  2\$aPrevious copyright fee: GBP22.00$c29\0$e01-apr-2022$fGBP22.00$g0$hP$5Uk
=FFP  \\$aY$bBLDSS-3PM
=FIN  \\$aY$d20131107
=FMT  \\$a  SE
=LAS  \\$aBATCH-SUPP$b00$c20230426$lBLL01$h1110
=LET  \0$aLondon review of international law (Electronic)
=MNI  \\$a2050-6325
=UNO  \\$aY

