=LDR  03617cas a2200901 i 4500
=001  016160545
=003  Uk
=005  20230426111039.0
=006  m\\\\\\\\d\|\\\\\\
=007  cr||||||||||||
=008  120903c20139999enkfr\p\o\\\\\0\\\a0eng\\
=015  \\$aGBB409470$2bnb
=022  0\$a2051-1329$202
=037  \\$acomnet$bOxford University Press
=037  3\$aISSN_20511310$bPortico$nOxford University Press
=040  \\$aUk$beng$cUk$dUk$erda
=042  \\$aissnuk$aukblsr
=082  04$a518.05$223
=222  \0$aJournal of complex networks$b(Online)
=245  00$aJournal of complex networks.
=264  \1$aOxford :$bOxford University Press,$c2013-
=310  \\$aSemiannual
=336  \\$atext$2rdacontent
=337  \\$acomputer$2rdamedia
=338  \\$aonline resource$2rdacarrier
=362  0\$aVolume 1, number 1 (June 2013)-
=500  \\$aTitle from journal homepage (Oxford Journals, viewed January 24, 2014).
=540  \\$aCurrent Copyright Fee: GBP32.00$c29\0$5Uk
=588  \\$aLatest issue consulted: volume 1, number 2 (December 2013) (Oxford Journals, viewed January 24, 2014).
=650  \0$aNumerical analysis$vPeriodicals.
=650  \0$aComputer networks$vPeriodicals.
=650  \0$aSocial networks$vPeriodicals.
=776  08$iAlso issued in print as:$tJournal of complex networks$x2051-1310
=852  41$aBritish Library$bHMNTS$jELD Digital store$3Volume 2:Number 1(2014)-
=856  \\$31850-9999$uhttp://www.oxfordjournals.org/en/$xBLDSS
=856  40$uhttp://comnet.oxfordjournals.org/
=859  \\$aELD$bejournal
=859  \\$aXLD$bejournal$cSFX
=945  \\$aJournal of complex networks
=959  \\$fCurrently available
=979  \\$aBritish Library$bDSC$j4963.391500N
=ACF  \\$aPrevious Copyright Fee: zero$c29\0$e01-jan-2015$fGBP0.00$g0$hP$5Uk
=ACF  \\$aPrevious Copyright Fee: GBP20.00$c29\0$e01-jan-2020$fGBP20.00$g0$hP$5Uk
=CAT  \\$a10973$b40$c20120903$lBLL01$h1040
=CAT  \\$a5997$b40$c20130626$lBLL01$h1056
=CAT  \\$a10902$b40$c20131129$lBLL01$h1202
=CAT  \\$a5110$b40$c20140124$lBLL01$h1139
=CAT  \\$a5552$b40$c20141029$lBLL01$h1341
=CAT  \\$aIPL-CLA$c20141231$lBLL01$h1703
=CAT  \\$aBLDSS-3PM$b00$c20150215$lBLL01$h1113
=CAT  \\$aBATCH-UPD$b00$c20151018$lBLL01$h1134
=CAT  \\$aBATCH-UPD$b00$c20160413$lBLL01$h1826
=CAT  \\$aBATCH-UPD$b00$c20160524$lBLL01$h2215
=CAT  \\$aBATCH-UPD$b00$c20160525$lBLL01$h0055
=CAT  \\$aW1711-1005$c20171206$lBLL01$h1824
=CAT  \\$aW1910-0530$c20191007$lBLL01$h1114
=CAT  \\$aR1911-1518$c20191206$lBLL01$h1418
=CAT  \\$aIPL-CLA$c20191231$lBLL01$h2032
=CAT  \\$aBATCH-UPD$b00$c20220308$lBLL01$h1735
=CAT  \\$aIPL-CLA$c20220331$lBLL01$h1952
=CAT  \\$a12654$b40$c20230222$lBLL01$h0943
=CAT  \\$aS2302-1302$c20230322$lBLL01$h1707
=CAT  \\$aS2302-1302$c20230322$lBLL01$h1708
=CAT  \\$aS2302-1302$c20230323$lBLL01$h1443
=CAT  \\$aIPL-CLA$c20230331$lBLL01$h1547
=CAT  \\$aS2304-0519$c20230412$lBLL01$h1140
=CAT  \\$aBATCH-SUPP$c20230426$lBLL01$h1110
=CFI  0\$aCurrent Copyright Fee: GBP32.00$c29\0$e01-apr-2023$fGBP32.00$g0$hP$5Uk
=CFI  2\$aPrevious copyright fee: GBP22.00$c29\0$e01-apr-2022$fGBP22.00$g0$hP$5Uk
=FFP  \\$aY$bBLDSS-3PM
=FIN  \\$aY$d20130626
=FMT  \\$a  SE
=LAS  \\$aBATCH-SUPP$b00$c20230426$lBLL01$h1110
=LET  \0$aJournal of complex networks (Electronic)
=LKR  \\$aPAR$b016160544$lBLL01$nJournal of complex networks (Print)$mJournal of complex networks (Online)$r776
=MNI  \\$a2051-1310
=TOC  \\$aETOC
=UNO  \\$aY

