=LDR  05252cas a2201153 a 4500
=001  014859990
=003  Uk
=005  20230426110952.0
=006  m\\\\\\\\d\|\\\\\\
=007  cr||||||||||||
=008  100315c20109999enkqr\p\o\\\\\0\\\a0eng\c
=010  \\$a2010240119
=015  \\$aGBB350863$2bnb
=022  0\$a1759-8893
=035  \\$a(OCoLC)610589096
=037  \\$aISSN_17598885$bPortico$nWiley
=037  3\$aISSN_17598893_4$bPortico$nOxford University Press
=040  \\$aINTCH$beng$cINTCH$dIXA$dPFM$dOCLCQ$dUk
=042  \\$aukblsr
=082  04$a615.1072$223
=130  0\$aJournal of pharmaceutical health services research (Online)
=222  \0$aJournal of pharmaceutical health services research$b(Online)
=245  10$aJournal of pharmaceutical health services research$h[electronic resource].
=246  13$aJPHSR
=260  \\$aChichester :$bJohn Wiley & Sons,$c2010-
=264  31$32021-$a[Oxford] :$bOxford University Press
=310  \\$aQuarterly
=336  \\$atext$2rdacontent
=337  \\$acomputer$2rdamedia
=338  \\$aonline resource$2rdacarrier
=362  0\$aVol. 1, issue 1 (Mar. 2010)-
=500  \\$a"Connecting pharmaceutical economics, policy, outcomes and quality studies."
=540  \\$aCurrent copyright fee: GBP32.00$c29\0$5Uk
=550  \\$a"An official journal of the Royal Pharmaceutical Society of Great Britain."
=588  \\$aDescription based on: Vol. 1, issue 1 (Feb. 2010); title from journal home page (publisher's Web site, viewed July 22, 2010).
=588  \\$aLatest issue consulted: Volume 12, issue 3 (September 2021) (Oxford Journals, viewed October 19, 2021).
=590  \\$aElectronic Format: Route ALL FAILED DSC requests to Records Team.
=650  \0$aPharmacy$xResearch$vPeriodicals.
=650  \0$aDrugs$xResearch$vPeriodicals.
=650  \0$aMedical care$xResearch$vPeriodicals.
=650  \0$aPublic health$xResearch$vPeriodicals.
=650  \0$aPharmaceutical industry$vPeriodicals.
=650  12$aHealth Services Research$vPeriodicals.
=650  22$aEconomics, Pharmaceutical$vPeriodicals.
=710  2\$aRoyal Pharmaceutical Society of Great Britain.
=776  08$iAlso issued in print as:$tJournal of pharmaceutical health services research$x1759-8885
=852  41$aBritish Library$bHMNTS$jELD Digital store$3Volume 4:Issue 1(2013:Mar.)-***Previous issues available in print copy
=856  \\$31850-9999$uhttp://onlinelibrary.wiley.com/$xBLDSS
=856  4\$uhttp://onlinelibrary.wiley.com/journal/10.1111/(ISSN)1759-8893
=856  40$uhttp://onlinelibrary.wiley.com/journal/10.1111/%28ISSN%291759-8893
=859  \\$aELD$bejournal
=859  \\$aXLD$bejournal$cSFX
=945  \\$aJournal of pharmaceutical health services research
=959  \\$fCurrently available
=979  \\$aBritish Library$bDSC$j5031.871000N
=985  \\$aISSN responsibility transferred to U.S. ISSN Center from ISSN UK Centre, Wiley, Multinational Publisher List, Summer 2017.
=ACF  \\$aPrevious copyright fee: GBP22.00$c35\0$e06-sep-2011$fGBP22.00$g0$hP$5Uk
=ACF  \\$aPrevious copyright fee: GBP24.00$c35\0$e01-mar-2015$fGBP24.00$g0$hP$5Uk
=ACF  \\$aPrevious Copyright Fee: GBP32.00$c35\0$e01-jan-2020$fGBP32.00$g0$hP$5Uk
=ACF  \\$aPrevious copyright fee: GBP28.00$c35\0$e01-jan-2019$fGBP28.00$g0$hP$5Uk
=CAT  \\$a6537$b40$c20081219$lBLL01$h1222
=CAT  \\$aWR14_009$c20140204$lBLL01$h2341
=CAT  \\$aBLDSS-3PM$b00$c20141214$lBLL01$h1525
=CAT  \\$aBATCH-UPD$b00$c20150215$lBLL01$h1702
=CAT  \\$aIPL-CLA$c20150228$lBLL01$h2054
=CAT  \\$aBATCH-UPD$b00$c20160413$lBLL01$h1823
=CAT  \\$aBATCH-UPD$b00$c20160615$lBLL01$h0342
=CAT  \\$a5552$b40$c20170407$lBLL01$h1149
=CAT  \\$a11205$b40$c20170724$lBLL01$h1416
=CAT  \\$aW1711-1005$c20171206$lBLL01$h1821
=CAT  \\$aBATCH-UPD$b00$c20180219$lBLL01$h1753
=CAT  \\$a5410$b40$c20180723$lBLL01$h1406
=CAT  \\$aBATCH-UPD$b40$c20181121$lBLL01$h1625
=CAT  \\$aIPL-CLA$c20181231$lBLL01$h1548
=CAT  \\$a5410$b40$c20191126$lBLL01$h1330
=CAT  \\$aR1911-0245$c20191127$lBLL01$h0823
=CAT  \\$aR1911-0245$c20191127$lBLL01$h1045
=CAT  \\$aIPL-CLA$c20191231$lBLL01$h2008
=CAT  \\$a5552$b40$c20210215$lBLL01$h1349
=CAT  \\$a10983$b40$c20210828$lBLL01$h1135
=CAT  \\$a3072$b40$c20211019$lBLL01$h1448
=CAT  \\$aBATCH-UPD$b40$c20220308$lBLL01$h1728
=CAT  \\$aIPL-CLA$c20220331$lBLL01$h1952
=CAT  \\$a12654$b40$c20230223$lBLL01$h0901
=CAT  \\$aS2302-1302$c20230322$lBLL01$h1708
=CAT  \\$aBATCH-SUPP$c20230426$lBLL01$h1109
=CFI  0\$aCurrent copyright fee: GBP32.00$c29\0$e01-apr-2022$fGBP32.00$g0$hP$5Uk
=CFI  2\$aPrevious Copyright Fee: GBP29.00$c29\0$e15-feb-2021$fGBP29.00$g0$hP$5Uk
=FFP  \\$aY$bBLDSS-3PM
=FIN  \\$aY$d20120419
=FMT  \\$a  SE
=LAS  \\$aBATCH-SUPP$b00$c20230426$lBLL01$h1109
=LET  \0$aJournal of pharmaceutical health services research (Online)
=LKR  \\$aPAR$b014859989$lBLL01$r776$mJournal of pharmaceutical health services research (Online)$nJournal of pharmaceutical health services research (Print)
=MNI  \\$a1759-8885
=SID  \\$aZ39$bOCLC
=TCO  \\$aCLA$bCLA$c008
=TOC  \\$aETOC
=UNO  \\$aY

